2471 3463
207 129 306 192 '198
902 118 1176 176 Urssunben
1194 121 1298 202 unt)
1324 115 1676 177 amachan
2106 118 2341 182 41:256ss

409 247 656 296 Decimae&
676 247 849 295 ultimo
875 247 1092 312 apparuit
1113 247 1341 312 discipulis
1368 246 1649 294 exeuntibus
1669 247 1719 297 in
1741 254 1958 297 montem
1990 247 2170 298 oliveti.
2235 241 2457 320 Mafffl--m

207 317 291 366 ult.
314 332 400 382 per
422 331 540 381 quos
566 314 882 380 significantur
902 314 1225 363 misericordes
1261 314 1309 363 <Sc
1329 312 1657 373 misericordiae
1688 315 1848 364 oleum
1879 315 2167 382 diligentes..
2195 316 2292 364 ,De
2311 315 2461 385 hoii-'9³

206 384 320 432 loco
343 384 637 450 adscenditur
656 385 706 431 in
729 383 905 431 coelum
921 416 934 439 ‚
973 384 1080 446 quia
1105 384 1255 446 pietas
1279 382 1338 428 ad
1363 380 1524 428 omnia
1547 379 1703 439 valet,
1737 381 2093 447 promiffionem
2113 384 2297 432 habens
2318 384 2385 439 ἀ,
2451 400 2457 415 ²

211 467 234 499 1
254 452 311 499 T'
403 452 488 498 IV.
560 452 679 498 Sunt
698 451 746 500 &
770 451 866 500 aIiae
887 459 981 497 tres
1005 450 1324 514 apparitiones
1347 482 1362 506 ,
1400 463 1501 513 quae
1526 448 1792 497 referuntur
1810 452 1859 497 in
1896 451 1991 515 ipsa
2009 452 2086 499 die
2116 442 2407 508 resurreetio?
2454 446 2459 454 ’

205 521 277 568 nis
296 467 444 577 ‚med
467 526 628 566 tamen
651 520 722 566 hae
744 534 804 566 ex
824 526 959 566 textu
983 533 1081 563 non
1106 517 1352 565 habentur.
1420 520 1442 574 (
1463 531 1474 561 1
1495 517 1518 575 )
1553 516 1663 582 Q&
1693 517 1912 582 apparuit
1930 519 2085 574 Jacobo
2117 520 2237 581 justo
2259 548 2273 573 ‚
2305 519 2334 566 i.
2369 527 2414 568 e:

138 624 148 626 -
206 590 364 648 Jacobo
386 587 542 650 Alphei
561 619 576 643 ‚
623 587 683 634 de
715 603 806 651 qua
841 585 1135 650 apparitione
1169 585 1379 634 invenies
1412 585 1458 631 in
1481 582 1707 648 Legenda
1727 584 1863 649 ipsius
1887 587 2035 643 jacobi
2062 601 2081 646 3
2121 587 2229 635 Alia
2251 619 2268 645 ,
2320 601 2381 652 qu
2418 619 2420 621 >

206 657 304 721 ipsa
325 656 400 704 die
423 656 594 702 dicitur
618 653 875 719 apparuisse
901 651 1047 715 joseph
1070 682 1083 707 ,
1116 651 1229 699 sicut
1251 651 1422 715 legitur
1444 652 1492 698 in
1514 651 1764 716 evangelio
1790 653 2030 702 Nicodemi.
2140 656 2270 703 Nam
2299 663 2425 703 cum'

206 721 438 771 audissent
461 723 633 786 judaei,
671 723 799 786 quod
824 723 1019 783 Josephus
1041 735 1212 785 corpus
1236 721 1333 780 jesu
1360 719 1540 766 aPilato
1560 717 1789 785 petiisset,
1816 720 1865 769 ὃ(
1887 721 2037 786 ipsum
2061 721 2110 768 in
2127 724 2413 771 inonumen-
2443 734 2454 774 ζ·

205 799 260 839 to
286 789 503 855 posuisset
527 823 539 845 ,
575 790 804 851 indignati
830 789 1044 837 adversus
1071 804 1201 853 eum,
1224 788 1372 853 ipsum
1393 795 1627 852 ceperunt
1646 820 1660 844 ,
1693 786 1809 836 &in
1835 791 2045 853 quodam
2069 787 2290 837 cubiculo
2317 788 2459 861 dili-ff

206 868 378 924 genter
401 857 552 904 clauso
573 857 619 905 ὃς
634 855 827 921 sigillato
849 856 1167 913 recluserunt,
1205 854 1310 920 post
1334 856 1593 903 Sabbatum
1617 870 1727 903 eum
1748 855 1967 903 occidere
1989 856 2235 914 volenter,
2267 857 2317 906 ὅ(
2338 852 2459 909 cedis

208 941 266 974 ce
289 928 334 972 in
358 925 453 989 ipsa
477 923 620 972 nocie
648 923 996 972 resurreffionis
1022 923 1229 988 suspensa
1260 925 1408 970 domo
1429 922 1455 968 a
1478 931 1680 986 quatuor
1714 922 1892 987 angulis
1926 924 2119 972 intravit
2140 927 2259 984 Jesus
2279 924 2329 974 ὅ(
2348 898 2463 990 [ει-ᾗ

207 996 331 1041 ciem
356 991 455 1055 ejus
481 991 668 1038 extersit
688 1025 702 1048 .,
738 991 787 1040 ὅ(
809 991 1016 1039 osculum
1036 992 1166 1039 dedit
1190 1025 1204 1048 ‚
1242 991 1288 1040 <Sc
1310 991 1421 1038 inde
1441 990 1568 1038 salvis
1595 988 1743 1054 figillis
1769 1005 1886 1038 ceum
1910 992 2118 1039 educens
2143 992 2192 1038 in
2216 992 2415 1040 domum
2439 1035 2443 1038 .

206 1061 336 1109 suam
358 1062 405 1108 in
426 1060 720 1105 Arimathiam
742 1060 888 1122 ipsum
921 1059 1128 1107 adduxit.
1199 1058 1363 1106 Tertia
1384 1056 1451 1104 est
1472 1091 1485 1115 ,
1524 1057 1615 1122 qua
1646 1064 1757 1104 ante
1780 1064 1977 1106 caeteros
2002 1059 2172 1123 virgini
2203 1058 2433 1123 gloriosae‘j

205 1126 466 1193 apparuisse
490 1128 661 1174 dicitur
682 1145 698 1188 3
733 1128 807 1174 sed
833 1128 927 1174 hoc
951 1128 1009 1174 ab
1031 1125 1330 1190 Evangelistis
1355 1125 1626 1174 subticetur.
1728 1125 1840 1173 Hoc
1859 1126 2082 1173 Romana
2109 1125 2305 1174 ecclesia
2334 1141 2415 1192 ap·
2435 1125 2447 1155 Γ

171 1194 178 1197 Κ
205 1197 406 1260 probare
432 1196 620 1242 videtur
639 1227 652 1250 ‚
688 1210 788 1258 quae
811 1192 960 1241 statim
985 1194 1078 1258 ipsa
1102 1196 1176 1242 die
1203 1195 1327 1258 apud
1349 1201 1408 1239 St.
1427 1195 1618 1238 Mariam
1641 1191 1850 1240 celebrat
1873 1193 2139 1242 stationem.
2208 1194 2254 1241 Si
2283 1183 2459 1242 enim?

203 1265 303 1311 hoc
329 1279 426 1308 non
449 1263 680 1316 creditur,
719 1263 847 1325 quod
869 1262 967 1308 hoc
987 1260 1138 1307 nullus
1157 1259 1448 1324 Evangelista
1469 1259 1664 1307 testatur
1684 1293 1699 1317 ‚
1736 1259 2031 1325 consequens
2062 1259 2128 1308 est
2146 1267 2199 1308 ut
2221 1259 2325 1325 post
2343 1275 2414 1308 re-

203 1329 539 1378 surretiionem
563 1344 803 1391 nunquam
828 1327 1030 1374 similiter
1051 1330 1320 1391 apparuerit
1340 1360 1354 1384 ,
1392 1328 1497 1390 quia
1518 1328 1598 1373 ubi
1620 1359 1633 1382 ‚
1678 1326 1757 1374 vel
1779 1328 1969 1390 quando
1991 1326 2141 1375 nullus
2167 1327 2451 1392 Evangeli-†›

203 1397 270 1445 sta
294 1397 456 1444 edixit.
527 1396 620 1442 Sed
642 1395 755 1442 absit
779 1403 830 1442 ut
852 1393 1104 1442 filius-talis
1125 1394 1269 1441 talem
1293 1401 1494 1441 matrem
1525 1393 1605 1441 tali
1637 1393 1827 1441 honore
1853 1394 2244 1443 dehonoraverit.
2322 1396 2448 1443 Sedu¹

204 1467 316 1513 ideo
338 1463 530 1510 forfitan
551 1460 851 1527 Evangelistae
873 1463 969 1509 hoc
1001 1461 1359 1519 subticuerunt,
1398 1463 1528 1528 quod
1563 1475 1731 1509 eorum
1761 1461 1851 1509 fuit
1882 1459 2184 1509 solummodo
2217 1462 2415 1510 resurre-

206 1531 376 1581 &ionis
399 1530 537 1578 testes
563 1532 800 1578 inducere.
873 1531 1080 1578 Matrem
1103 1537 1263 1577 autem
1287 1531 1345 1577 ad
1370 1528 1713 1577 testificandum
1740 1545 1826 1594 pro
1851 1528 1947 1578 filio
1971 1544 2053 1577 eos
2076 1530 2300 1578 inducere
2313 1546 2414 1580 non

205 1601 380 1648 decuit.
449 1599 495 1645 Si
519 1598 644 1646 enim
667 1597 932 1646 testimonia
956 1605 1292 1646 extraneorum
1315 1597 1622 1645 deliramenta
1650 1597 1744 1646 visa
1763 1597 1865 1646 sunt
1882 1632 1896 1655 ‚
1934 1599 2181 1662 quomodo
2204 1614 2303 1646 non
2318 1614 2413 1646 ma-

207 1669 277 1732 gis
301 1674 498 1714 matrem
538 1682 623 1730 pro
658 1664 736 1712 filii
772 1681 935 1713 amore
971 1669 1220 1713 crederent
1250 1666 1459 1714 deHrare.
1562 1666 1675 1713 Hoc
1707 1666 1848 1729 igitur
1882 1664 2184 1730 Evangelistae
2216 1666 2413 1714 scribere

206 1735 463 1783 noluerunt
483 1766 496 1789 ‚
536 1735 610 1780 sed
636 1749 722 1798 pro
747 1733 979 1780 constanti
1001 1734 1304 1798 reliquerunt.
1405 1733 1583 1779 Debuit
1619 1733 1747 1795 enim
1788 1733 1892 1796 plus
1929 1741 2134 1781 matrem
2177 1730 2414 1781 laetificare

208 1813 435 1868 quantum
461 1800 660 1864 amplius
680 1801 860 1848 caeteris
886 1815 989 1848 eam
1011 1800 1194 1847 constat
1217 1798 1412 1847 doluisse
1435 1800 1493 1846 de
1520 1806 1692 1847 morte.
1764 1800 1876 1847 Hoc
1897 1803 2040 1849 etiam
2070 1798 2266 1848 testatur
2293 1802 2427 1849 AM·-

205 1869 464 1918 BROSIUS
489 1869 534 1914 in
559 1869 703 1915 Libro
724 1870 867 1916 tertio
888 1872 939 1914 cle
953 1869 1193 1928 Virginibus
1217 1901 1232 1924 .,
1276 1869 1437 1915 dicens
1459 1884 1470 1913 ε
1528 1868 1648 1912 Vidit
1673 1880 1813 1912 mater
1832 1868 2177 1926 resurrec'lionem
2200 1870 2376 1915 Domini
2395 1899 2413 1925 ,

138 1934 140 1936 ’
205 1938 255 1987 ὅ(
271 1941 412 2001 prima
436 1938 551 1983 vidit
574 1935 623 1981 65
642 1936 848 1994 credidit,
866 1938 974 1982 vidit
998 1939 1145 1982 Maria
1169 1938 1430 1996 Magdalena
1451 1938 1652 1997 quamvis
1683 1936 1764 1993 xsta
1791 1936 1929 1983 adhuc
1969 1949 2165 1983 nutaret.

376 2038 447 2085 De
470 2040 652 2097 Septimo
673 2044 829 2084 autem
856 2037 903 2085 ὃς
925 2036 1093 2084 ultimo
1116 2069 1131 2092 ,
1168 2033 1364 2099 qualiter
1388 2041 1544 2098 patres
1566 2034 1644 2098 qui
1669 2042 1802 2082 erant
1822 2036 1870 2081 in
1893 2034 2038 2082 limbo
2061 2033 2272 2082 Christus
2301 2035 2413 2083 edu·
2432 2028 2454 2072 ὕ

206 2109 265 2163 it,
300 2106 348 2154 ὅ(
372 2106 484 2170 quid
512 2107 576 2152 ibi
604 2106 731 2168 egit,
772 2103 1077 2167 evangelium
1111 2103 1275 2166 aperte
1301 2117 1399 2148 non
1423 2100 2169 2166 explanavitsAUGUSTlNUS
2193 2104 2415 2150 tamenin

206 2176 414 2239 quodam
440 2172 653 2220 sermone
677 2172 726 2220 ὅ(
747 2169 1128 2219 NICODEMUS
1152 2172 1200 2217 in
1224 2169 1304 2216 suo
1325 2168 1579 2233 Evangelio
1624 2168 1916 2234 aliquatenus
1960 2171 2057 2218 hoc
2092 2169 2414 2218 ostenderunt.

205 2243 290 2290 Ait
314 2243 437 2287 enim
464 2238 958 2287 St.AUGUST1N[IS
972 2257 983 2285 ε
1018 2238 1170 2285 “Mox
1193 2245 1244 2283 ut
1259 2235 1471 2284 Christus
1495 2238 1717 2300 Spiritum
1741 2238 1943 2285 reddidit
1964 2238 2106 2285 unitae
2129 2238 2218 2285 suae
2249 2237 2413 2286 divini-

208 2310 326 2355 “tati
352 2309 506 2355 anima
527 2311 583 2354 ad
609 2307 868 2354 inferorum
891 2306 1125 2371 profunda
1151 2304 1416 2360 descendit,
1445 2319 1552 2351 cum
1575 2305 1876 2351 tenebrarum
1903 2306 2157 2353 terminum
2180 2303 2304 2369 quasi
2315 2305 2415 2369 qui-

208 2377 348 2421 “dam
371 2376 665 2439 depraedator
688 2372 909 2438 attigisset
930 2407 944 2430 ,
1000 2372 1275 2436 aspicientes
1308 2386 1415 2417 eum
1443 2373 1575 2435 impii
1607 2387 1660 2418 ac
1685 2379 1971 2418 tartarorum
1998 2370 2212 2436 legiones
2235 2373 2411 2433 territi,

209 2443 477 2505 “inquirere
502 2450 781 2506 coeperunt,
816 2443 1054 2488 dicentes:
1093 2439 1230 2486 Unde
1255 2437 1320 2484 est
1342 2438 1421 2486 iste
1447 2447 1542 2485 tarn
1568 2438 1703 2485 fortis
1728 2471 1743 2494 ‚
1782 2447 1880 2485 tam
1913 2439 2126 2486 terribilis
2148 2447 2244 2486 tam
2267 2438 2414 2504 splen-

210 2510 378 2572 “didus
394 2542 407 2564 ,
442 2516 539 2554 tam
564 2508 821 2571 praeclarus.
897 2509 1104 2556 Mundus
1130 2505 1205 2554 ille
1229 2539 1245 2562 ‚
1280 2506 1358 2570 qui
1378 2506 1514 2552 nobis
1539 2506 1741 2552 subditus
1765 2505 1830 2553 est
1850 2539 1864 2562 ,
1899 2522 2144 2570 nunquam
2170 2507 2307 2554 nobis
2327 2507 2413 2554 mi-

210 2576 297 2624 “sit
318 2576 460 2622 talem
485 2584 727 2622 mortuum
748 2609 764 2631 ‚
800 2591 1043 2640 nunquam
1068 2574 1224 2622 inferis
1248 2572 1355 2620 talia
1375 2588 1572 2620 munera
1602 2572 1865 2621 destinavit.
1936 2575 2056 2638 Qis
2074 2589 2190 2638 ergo
2212 2571 2279 2620 est
2301 2572 2411 2633 iste,

209 2646 326 2708 “qui
349 2651 446 2689 tarn
469 2642 701 2706 intrepide
724 2641 840 2689 fines
864 2643 1046 2690 nostros
1071 2641 1431 2704 transgreditur,
1466 2641 1516 2689 ὅ(
1531 2639 1782 2688 nonsolum
1805 2639 1958 2688 nostra
1983 2639 2201 2704 stipplicia
2217 2656 2316 2689 non
2329 2657 2411 2690 ve·
2448 2681 2450 2684 ,

210 2717 399 2766 “retur,
438 2725 603 2758 verum
624 2709 672 2757 <Sc
694 2708 808 2756 alios
829 2711 887 2756 de
910 2710 1105 2759 vinculis
1125 2707 1290 2756 nostris
1313 2707 1522 2756 absolvit.
1592 2709 1715 2755 Ecce
1737 2708 1819 2772 ipsi
1841 2741 1856 2765 .,
1901 2708 1979 2772 qui
2001 2708 2079 2754 sub
2100 2706 2279 2772 nostris,
2293 2709 2411 2757 sole-

211 2781 360 2826 “bant
383 2777 599 2842 suspirare
621 2778 898 2832 tormentis,
935 2777 1154 2825 insultant
1176 2776 1313 2823 nobis
1339 2778 1397 2822 de
1421 2776 1731 2840 perceptione
1752 2775 1929 2830 salutis,
1963 2775 2012 2824 ὅ(
2044 2776 2292 2823 nonsolum
2311 2774 2417 2839 jam

211 2845 362 2894 “nibil
384 2853 608 2894 verentur
630 2877 645 2899 .,
700 2843 776 2890 sed
798 2842 1002 2907 &super
1022 2846 1158 2892 nobis
1184 2844 1436 2891 minantur.
1503 2844 1760 2907 Nunquam
1785 2839 1862 2889 hic
1885 2841 1943 2888 fic
1975 2845 2151 2890 mortui
2175 2843 2409 2907 superbie-

212 2918 357 2959 “runt
379 2946 394 2970 ,
450 2926 539 2960 nec
570 2910 821 2975 aliquando
858 2917 1118 2974 potuerunt
1140 2911 1198 2958 fic
1225 2910 1318 2959 laeti
1346 2908 1437 2957 esse
1463 2910 1652 2974 captivi.
1754 2908 1819 2956 Ut
1842 2911 2033 2973 quando
2057 2910 2409 2970 hucadducere

206 2978 377 3042 ff‘istum
402 2978 583 3031 voluisti
604 2976 635 3029 ὃ
654 2978 875 3044 Princeps
894 2976 1051 3028 noster
1069 3011 1083 3037 ,
1119 2979 1258 3043 periit
1281 2980 1434 3030 omnis
1453 2977 1613 3028 laetitia
1635 2983 1742 3038 tua,
1772 2976 1821 3027 in
1844 2975 2022 3028 luctum
2044 2977 2272 3030 conversa
2304 2978 2410 3026 sunt

1468 3078 1470 3080 >
2298 3061 2407 3110 gau-
