2471 3463
19 233 23 253 Ι
111 197 140 232 2
156 174 475 248 Cap.'fiebenbe
496 175 717 242 §beninga
831 179 834 181 ’
999 178 1104 254 von
1126 166 1547 227 SePetrizzircbe.
2128 183 2223 253 333

17 257 23 349 l
174 284 336 342 &Nam
359 292 563 341 militaris
583 290 818 355 disciplina
840 322 855 346 ‚
892 302 1033 352 quam
1053 273 1365 334 VEGETIUS
1398 295 1586 335 renatus
1620 270 1682 355 ac
1718 288 1928 353 plerique
1960 288 2032 336 alii
2053 288 2225 333 docue-

18 353 150 412 lrunt
169 382 200 419 ,g
220 358 404 426 prorsus
431 359 626 407 evanuit
648 390 661 413 ‚
712 358 761 406 ὃς
784 357 828 403 se
849 357 896 402 in
917 354 1152 418 quandam
1172 354 1402 418 peccandi
1422 353 1686 401 libertatem
1707 355 1756 403 ὅ(
1777 354 2099 411 scurrilitatem
2127 352 2225 416 spe-

18 427 206 482 lcialem
229 425 529 475 deformavit.
616 423 745 472 Olim
779 423 824 470 se
847 419 1104 484 juramenti
1126 419 1320 468 vinculo
1350 420 1521 467 milites
1545 419 1820 482 obligabant
1841 454 1856 478 ,
1903 422 2030 485 quod
2052 418 2225 465 starent

16 483 127 559 lpro
147 486 432 556 Reipublicae
453 491 610 548 statu,
648 490 776 554 quod
795 490 843 536 in
867 488 966 535 acie
988 501 1088 533 non
1110 485 1333 550 fugerent
1351 519 1367 544 ‚
1399 487 1449 534 ὃς
1470 486 1602 550 quod
1623 487 1730 533 vitae
1752 488 1950 550 propriae
1974 485 2226 535 utilitatem
2275 516 2280 522 Δ

15 555 274 631 ]Ρυῑ)1ἰεειηι
298 560 642 624 praehaberent.
713 557 804 603 Sed
822 554 966 602 hodie
990 559 1183 615 tyrones
1207 554 1336 600 enses
1359 552 1466 599 suos
1485 552 1722 615 recipiunt
1741 553 1799 598 de
1829 552 1984 610 altari,
2020 560 2070 599 ut
2085 549 2226 616 profi-

14 640 17 678 ε
37 620 229 674 teantur
253 626 295 672 se
318 624 550 672 effefilios
573 622 801 679 ecclesiae,
824 628 973 685 atque
987 619 1046 667 ad
1070 618 1308 664 honorem
1322 618 1581 666 Sacerdotii
1604 617 1651 666 ὅ(
1673 617 1924 665 tuitionem
1948 632 2226 683 pauperum,

13 685 99 744 l‘ad
122 675 380 740 νὶηᾰίἶὶεῑηι
396 691 517 739 male
540 689 776 738 laetorum
799 721 814 744 .,
847 687 896 736 ὃς
928 684 1088 749 patriae
1108 683 1438 731 liberationem
1466 683 1672 747 gladium
1693 684 1938 748 accepisse.
2005 685 2152 732 Porro
2177 685 2226 730 in

12 748 14 755 ¹
36 760 327 806 contrarium
356 773 430 806 res
452 758 577 806 versa
601 755 680 803 est.
746 756 893 810 *Nam
927 766 987 797 ex
1012 765 1109 814 quo
1130 751 1275 797 hodie
1295 750 1481 798 militari
1504 749 1693 814 cingulo
1721 751 2007 799 decorantur
2029 784 2043 807 7
2074 749 2226 797 statim

0 767 15 872 l
35 825 276 888 insurgunt
298 825 347 872 in
361 823 574 872 Christos
588 821 782 869 Domini
803 820 853 867 ὃς
874 817 1128 865 desaeviunt
1148 818 1197 864 in
1218 817 1555 879 patrimonium
1577 815 1810 874 crucifixi,
1850 817 2230 882 spoliant&prae-

0 888 12 942 'l
34 890 206 937 dantur
228 887 459 953 subjeetos
486 890 561 936 fibi
585 892 815 952 pauperes
840 884 889 933 &
918 884 1347 932 immisericorditer
1379 891 1521 947 atque
1556 884 1875 932 miserabiliter
1905 885 2115 947 affligunt
2145 884 2231 930 mi-

7 947 10 1015 l
41 956 196 1014 seros,
233 965 286 1004 ut
306 958 356 1004 in
377 956 615 1003 doloribus
647 953 832 1009 alienis,
862 950 1048 998 illicitos
1073 950 1312 1014 appetitus
1334 950 1384 998 ὃς
1404 951 1791 1014 extraordinarias
1824 950 2114 1015 adimpleant
2145 963 2230 997 vo-

0 1017 9 1074 -l
35 1021 260 1070 luntates.
324 1022 493 1070 Refert
515 1019 727 1068 LUCAS
763 1018 892 1083 quod
924 1015 1096 1066 milites
1118 1018 1402 1067 accedentes
1438 1018 1496 1064 ad
1518 1017 1880 1080 JOHANNEM
1910 1018 2231 1081 interrogave-

6 1079 8 1098 '
33 1095 146 1135 runt
169 1103 278 1136 eum
300 1089 512 1135 dicentes
535 1106 546 1134 :
581 1088 787 1149 Magister
808 1119 822 1143 ,
858 1085 971 1147 qnid
983 1085 1201 1145 faciamus
1219 1082 1269 1129 <5
1281 1099 1356 1130 nos
1376 1085 1402 1129 ,θ
1448 1087 1674 1130 Neminem
1697 1086 1850 1149 inquit
1870 1119 1886 1142 ,
1927 1085 2232 1143 concufferitis,

33 1169 170 1216 neque
187 1156 446 1200 calumniam
457 1156 640 1216 faciatis
653 1155 736 1215 sed
757 1154 948 1199 contenti
973 1151 1097 1209 estote
1117 1152 1334 1214 stipendia
1358 1152 1520 1210 vestrir.
1612 1151 1710 1217 Qi
1730 1159 1896 1199 contra
1917 1153 2133 1200 inimicos
2162 1156 2231 1197 et-

33 1221 129 1268 iarn
142 1220 314 1268 Christi
336 1221 457 1269 vires
480 1222 577 1269 suas
592 1235 816 1270 exercere
839 1221 1102 1266 debuerant
1124 1220 1179 1265 ins
1194 1220 1384 1282 potibus
1405 1219 1452 1267 ὅ(
1467 1219 1770 1265 ebrietatibus
1794 1227 2034 1283 pugnant,
2056 1223 2231 1266 vacant

30 1288 162 1344 oti0,
197 1295 413 1335 marcent
426 1288 641 1352 crapula,
673 1288 920 1351 vitamque
944 1285 1230 1348 degenerem
1253 1287 1299 1332 in
1320 1285 1626 1332 immunditiis
1648 1284 1946 1342 tranfientes,
1978 1300 2157 1332 nomen
2181 1282 2232 1332 δε

12 1347 245 1401 officium
265 1353 437 1401 militiae
463 1354 790 1401 dehonestant.
858 1351 990 1413 Nihil
1014 1351 1318 1399 damnabilius
1338 1351 1403 1398 est
1423 1353 1471 1399 in
1492 1350 1637 1398 milite
1661 1366 1800 1414 quam
1824 1354 2088 1417 otiuin‚per
2099 1349 2232 1416 quod

33 1419 137 1466 usus
160 1434 397 1466 armorum
420 1420 670 1467 dediscitur
689 1453 706 1476 ‚
741 1416 945 1466 nutritur
965 1417 1308 1480 pusillanimitas
1333 1451 1347 1474 ,
1390 1417 1515 1465 vires
1536 1416 1819 1465 faciscuntur
1841 1452 1857 1475 ,
1903 1420 2090 1483 obrepit
2110 1421 2230 1465 iner-

0 1502 1 1517 ³
34 1485 102 1532 tia
123 1484 242 1532 &ad
254 1486 557 1546 immunditiae
583 1485 710 1534 acius
735 1486 915 1532 animus
929 1492 1205 1548 occupatur.
1310 1484 1424 1530 Ideo
1437 1483 1607 1529 Publius
1631 1485 1752 1543 Vafia
1772 1500 1880 1532 cum
1894 1487 2154 1533 exercitum
2179 1485 2230 1531 in

31 1550 256 1613 hiberniis
277 1560 493 1614 regeret,
524 1552 636 1600 licet
656 1551 737 1599 usu
760 1549 964 1599 claffium
984 1565 1084 1597 non
1103 1558 1292 1614 egeret,
1311 1565 1370 1597 ne
1385 1550 1516 1598 miles
1538 1552 2099 1616 corrumperetur·defidia
2113 1583 2128 1608 ‚
2147 1547 2228 1600 vel

33 1615 149 1664 otio*
162 1616 419 1681 superbiret
436 1650 450 1673 ‚
484 1633 630 1675 naves
649 1617 877 1665 aedificare
898 1615 1108 1664 instituit.
1135 1648 1153 1667 .
1177 1617 1373 1681 Legitur
1400 1620 1604 1678 trojanus
1640 1622 1877 1680 Imperator
1906 1618 2074 1665 milites
2098 1618 2228 1673 suos,

33 1682 255 1746 quotiens
277 1684 532 1732 vacabatur
555 1684 582 1730 a
604 1683 791 1748 praeliis,
829 1681 1083 1730 exercuisse
1104 1684 1151 1729 in
1176 1684 1307 1744 cursu
1321 1716 1333 1739 ,
1369 1685 1415 1730 in
1437 1683 1554 1734 saltu
1576 1717 1591 1739 .,
1628 1686 1676 1731 in
1697 1686 1779 1733 usu
1797 1685 1994 1732 vacandi
2007 1686 2054 1730 in
2076 1683 2227 1731 studio

30 1748 192 1803 census
216 1749 412 1813 &putei
434 1751 632 1799 feriendi
655 1784 671 1807 ,
702 1751 1016 1812 mittendique
1038 1748 1217 1813 lapides
1240 1751 1287 1795 in
1299 1765 1441 1796 manu
1462 1750 1538 1798 vel
1549 1750 1694 1798 funda
1715 1750 1792 1801 vel
1811 1747 1988 1800 missilia
2008 1748 2229 1814 jaciendi,

31 1829 115 1862 eos
140 1817 198 1862 ad
220 1829 389 1863 omnes
412 1818 582 1864 modos
608 1818 853 1872 erudiens,
918 1816 1082 1880 quibus
1109 1815 1281 1862 bellum
1302 1815 1519 1864 sustinere
1543 1818 1740 1875 debeat,
1777 1826 1857 1866 aut
1874 1818 2048 1867 inferri.
2151 1818 2228 1865 De

29 1896 211 1945 magno
231 1884 424 1944 Pompejo
444 1884 589 1932 refert
609 1882 947 1931 SALUSTIUS
960 1915 975 1938 ,
1010 1884 1139 1947 quod
1162 1898 1269 1929 cum
1295 1882 1520 1931 alacribus
1540 1884 1650 1932 saltu
1663 1919 1678 1942 ‚
1697 1885 1829 1934 cursu
1850 1901 1960 1933 cum
1980 1876 2229 1934 velocibus

31 1962 141 1995 cum
161 1947 324 1996 validis
342 1948 484 1997 noete
517 1953 729 1999 certabat
752 1985 767 2009 ,
800 1957 1112 1999 veruntamen
1135 1965 1194 1997 ex
1215 1947 1309 2014 qu&
1330 1950 1425 2014 ipse
1446 1951 1496 2000 ὅ(
1516 1952 1713 2000 Senatus
1736 1968 1791 2000 ac
1814 1952 2022 2018 Populus
2050 1954 2228 2001 Roma-

28 2029 117 2061 nus
137 2015 240 2062 otio
262 2015 312 2064 ὃ(
333 2017 480 2080 quieti
503 2033 673 2065 vacare
699 2024 978 2081 coeperunt,
1017 2017 1123 2080 qui,
1161 2032 1428 2081 quanquam
1451 2019 1499 2065 in
1523 2017 1838 2084 remotiffimis
1862 2020 2128 2068 nationibus
2139 2019 2227 2067 ho-

28 2078 150 2128 stiles
172 2080 361 2129 insultus
378 2084 573 2130 modico
595 2099 735 2154 agere
757 2084 1116 2151 propulsabant,
1135 2084 1497 2147 superveniente
1517 2085 1725 2134 Caesarea
1748 2088 2009 2151 paucitate,
2028 2085 2225 2149 relique-

26 2154 140 2193 runt
159 2146 360 2208 praefidia
381 2146 636 2197 fortiffimae
660 2152 784 2198 urbis
806 2184 822 2207 ‚
867 2150 917 2199 &
939 2152 988 2196 in
1010 2148 1102 2197 sola
1124 2150 1234 2214 fuga
1258 2149 1476 2199 fiduciam
1501 2152 1578 2199 fibi
1598 2152 1871 2216 posuerunt2
1938 2153 2030 2199 Sed
2052 2152 2102 2200 &
2122 2153 2225 2199 haee

31 2210 320 2276 potissimum
345 2214 534 2262 Caesaris
561 2217 796 2264 excitabat
818 2217 1057 2282 audaciam
1080 2249 1096 2273 ,
1132 2219 1240 2281 quia
1262 2232 1336 2263 res
1362 2226 1461 2265 erat
1491 2220 1534 2265 ei
1555 2220 1772 2267 adversus
1794 2222 1946 2265 otium
1972 2250 1988 2274 ,
2023 2217 2225 2266 militem

28 2279 294 2342 ducemque
315 2282 566 2328 emeritum
594 2316 608 2338 ,
663 2283 713 2331 <Sc
745 2285 824 2346 qui
854 2282 997 2346 longa
1019 2298 1136 2345 pace
1162 2283 1433 2331 didicerant
1452 2286 1640 2333 ducere.
1735 2286 1904 2332 Refert
1925 2284 2223 2332 TROGUS

25 2343 343 2408 POMPEJUS
369 2349 501 2412 quod
513 2347 789 2410 >novissimus
813 2349 915 2395 Rex
936 2346 1209 2396 Affiriorum
1233 2352 1430 2396 sardana
1454 2353 1605 2412 paulus
1673 2349 1702 2384 *
1771 2358 1970 2414 propter
2003 2352 2153 2407 otium
2174 2352 2224 2401 ὃς

25 2409 272 2457 mollitiem
293 2414 401 2460 vitae
424 2414 450 2459 a
471 2414 638 2477 Regali
668 2414 782 2462 solio
805 2414 1093 2478 turpiterest
1117 2413 1311 2478 ejedius.
1385 2417 1514 2480 Qid
1536 2423 1743 2462 Romanos
1767 2417 1932 2464 extulit
1954 2420 1974 2466 ἓ
2004 2426 2110 2475 aut,
2138 2434 2224 2466 un-

28 2477 86 2521 de
109 2475 375 2525 habuerunt
401 2481 534 2543 super
547 2496 713 2527 omnes
733 2480 938 2544 populos
961 2481 1292 2545 principatum.
1363 2483 1558 2533 Nomen
1582 2481 1681 2545 ejus
1704 2483 1962 2544 &gloriam
1983 2485 2223 2549 acquifivit

29 2557 273 2589 armorum
295 2544 458 2593 usus&
483 2548 761 2594 exercitatio
784 2546 1064 2609 praeliorum.
1135 2547 1395 2594 VEGETII
1430 2549 1666 2598 RENATI
1701 2541 1974 2599 testimonio
1997 2584 2012 2608 2
2046 2551 2220 2600 inutilis

26 2607 92 2664 est
115 2610 314 2657 omnino
338 2611 511 2658 militiae
533 2613 741 2659 nutritus·
757 2613 920 2660 tenere
946 2612 994 2662 ὃς
1016 2613 1182 2672 delitiis
1206 2612 1404 2661 assuetus
1425 2648 1441 2672 a
1478 2632 1586 2664 cum
1615 2614 1860 2665 antecellit
1881 2617 2042 2682 praeliis
2068 2620 2219 2683 aptio-

25 2689 150 2730 rem,
188 2676 268 2738 qui
288 2677 368 2724 sub
392 2679 558 2725 diurno
580 2679 628 2727 ὃ(
650 2678 744 2726 sole
765 2681 967 2727 nutritur
988 2679 1159 2727 laboris
1183 2681 1394 2743 patiens‘5
1430 2685 1607 2731 umbrae
1632 2684 1905 2749 negligenS,
1943 2684 2219 2734 balneorum

25 2741 258 2799 nesciens,
294 2747 425 2813 aeqne
445 2746 599 2793 ferens
617 2745 801 2809 frigoris
821 2743 1008 2808 injurias
1032 2746 1080 2794 ὅ(
1099 2744 1265 2795 caloris
1282 2780 1296 2803 ,
1331 2750 1454 2796 rudis
1468 2750 1515 2798 in
1536 2750 1707 2807 caulis,
1743 2750 1933 2815 simplex
1953 2752 2001 2798 in
2024 2751 2216 2811 affitibus,

25 2807 133 2854 cibo
155 2809 402 2861 moderato
429 2810 685 2861 contentus
702 2846 715 2869 ,
747 2815 826 2877 qui
851 2827 939 2860 nec
963 2814 1190 2860 erubescit
1213 2812 1381 2861 foffam
1406 2820 1607 2873 ducere,
1644 2832 1808 2881 rapere
1829 2833 2024 2881 aggeres
2044 2851 2061 2874 ,
2093 2820 2218 2878 ferre

18 2871 218 2936 lapides,
268 2889 563 2934 oaementum
584 2880 916 2945 lignorumque
938 2880 1154 2931 materias
1176 2891 1492 2945 comportare.
1562 2885 1674 2933 Ideo
1698 2916 1712 2943 ,
1749 2883 1864 2932 teste
1887 2883 2220 2932 CORNELIO

1110 2954 1117 2963 '
1194 2943 1359 3009 Σῦς
2141 2967 2219 2999 au-

27 3019 179 3046 ..ψ-ι

279 3090 284 3091 ff
362 3072 390 3111 ’θ’
417 3071 682 3129 §35513222921952
