2471 3463
231 134 330 191 438
916 127 1192 188 Urbanum
1220 134 1327 189 unb
1353 134 1706 197 wadmcbtm
1812 160 1813 163 ¹
2159 149 2399 211 3.Period.

637 240 751 290 Bibl.
767 241 889 294 Patr.
911 243 1061 310 Lugd.

410 310 773 367 reconcilietur,
789 311 816 357 fi
842 313 983 375 patris
1007 313 1071 362 sui

409 393 466 425 ac
487 379 695 426 Domino
720 376 1096 429 fruetuofiffimus

406 444 495 492 suae
519 443 835 493 conversionis
871 476 888 483 -
921 470 938 478 ·
975 449 1179 498 obtentu

405 510 747 561 Proficiscimur
781 513 839 559 ad
860 512 1021 562 locum

399 594 434 625 -a
455 577 578 627 facie
602 578 809 627 Ablalon

404 646 535 709 quod
556 645 631 694 ille
649 653 967 695 reverteretur

403 716 512 776 quia
535 729 635 761 non
662 712 983 779 derelinquam
1004 721 1052 764 te

1632 253 1750 300 Mst.
1772 253 1896 303 Petr.
1926 255 2100 304 Hamb.

1489 318 1850 387 reconcilietur,
1868 323 1942 370 sed
1967 323 2110 387 patris
2134 323 2214 377 sui.

1491 400 1548 433 ac
1570 387 1780 433 Domino
1794 387 1960 436 -vestro
1984 388 2364 445 fruetutofiffimus

1489 453 1574 499 suae
1599 453 1972 503 conversationis
2002 485 2021 494 —
2058 485 2076 494 -
2112 459 2331 508 Obtentu.

1491 517 1853 568 Proficiscamur
1877 522 1937 568 ad
1957 520 2136 571 locum.

1496 600 1523 633 a
1543 584 1666 634 facie
1685 586 1890 636 Absalon
1912 588 2192 652 fugientem.

1487 654 1616 731 quod
1641 652 1731 701 illic
1751 662 2071 704 reverteretur

1487 721 1594 785 quia
1612 737 1711 768 non
1734 721 2029 787 derelinquet
2051 729 2116 771 te.
2176 722 2182 724 ’

400 778 651 844 Suggerite
672 781 821 845 quaeso
836 783 1046 830 Domino
1057 782 1448 850 Archiepiscopo.
1483 787 1731 852 Suggerite
1757 787 1911 852 quaeso
1935 757 2329 854 ArchiepiscopO.

398 860 510 893 curn
537 848 756 912 proximo
779 849 1019 897 caeduntur

397 912 575 960 terrum
598 915 657 960 de
670 916 915 962 manubrio
942 915 1107 963 securis
1132 918 1314 967 evadat

398 980 521 1026 Sane
546 979 727 1026 nonest
758 981 1004 1030 admonito
1037 990 1239 1047 accepta

398 1052 535 1108 patet
555 1061 614 1093 ex
638 1048 793 1095 verbis
817 1046 922 1094 Eliae

397 1110 514 1159 Illud
535 1114 692 1161 verbis
720 1112 865 1161 assero
900 1113 1198 1163 confidenter

395 1193 495 1227 non
517 1181 642 1231 enim
669 1179 850 1245 possum
876 1196 984 1230 eum
998 1197 1097 1233 non
1117 1183 1311 1248 diligere

392 1313 440 1362 in
461 1313 546 1365 suis
581 1312 985 1364 benedittionibus

221 1446 307 1514 Ep.
324 1448 491 1498 XXV.
517 1449 823 1516 tempestivus
845 1466 986 1500 exeas

388 1517 509 1580 Ignis
532 1519 784 1569 devorabit
811 1535 1016 1584 corpora
1036 1533 1205 1568 eorum

387 1654 496 1688 nam
507 1654 656 1704 genus
671 1641 765 1689 hoc
779 1642 1032 1693 hominum
1047 1675 1060 1703 ,
1075 1644 1206 1711 quod
1220 1644 1438 1699 dicunt-

395 1783 450 1825 ut
473 1779 530 1826 ad
556 1794 674 1844 opus
696 1778 913 1842 Episcopi

386 1843 437 1892 ἀ
458 1846 517 1891 de
541 1845 750 1892 faucibus
769 1845 884 1892 illius
908 1845 1133 1893 extrahet

385 1911 446 1957 de
471 1913 661 1975 optimis
684 1912 904 1975 gregibus
916 1911 1116 1960 Amalec

388 1976 638 2026 benedicta
662 1981 927 2042 depravant

384 2044 530 2092 verba
554 2045 805 2108 Sapientiae
829 2045 997 2093 talibus
1026 2045 1362 2094 comminantis
1395 2071 1418 2081 -

347 2110 565 2158 utinam
588 2114 646 2159 ab
670 2112 940 2159 hominibus
965 2110 1044 2175 huj
1050 2128 1102 2159 us
1121 2112 1252 2160 modi

213 2177 298 2245 Ep.
310 2177 498 2226 XXVI.
525 2180 738 2227 intercisa
771 2178 983 2244 suppleat
1004 2177 1208 2227 affeffio,

385 2245 608 2309 Cumque
630 2245 778 2294 civilis
803 2244 1014 2310 poffeffio

386 2326 488 2375 quae
507 2313 822 2360 vehementer
842 2321 996 2360 amata
1015 2315 1150 2362 citius
1180 2312 1230 2362 ὅ(

455 2381 734 2444 praemature
758 2379 950 2427 deserui.

383 2472 556 2524 meque
579 2462 988 2526 praevaricatorem
1019 2484 1037 2495 ·
1084 2486 1105 2494 -
1135 2457 1386 2510 constitue-

466 2542 569 2574 rem

385 2591 631 2657 lepidaque
657 2596 880 2643 orationiS
914 2596 1183 2645 urbanitate

385 2659 628 2721 suspendat
649 2678 672 2708 a
699 2662 1004 2725 spiritualibus

383 2726 581 2774 notabili
606 2728 858 2776 venalitate
886 2729 1060 2778 vilescit

376 2790 490 2856 'jura
513 2793 672 2840 omnia
698 2796 967 2843 intervertit

361 2875 579 2923 -quami
553 2859 699 2907 finum
729 2860 1020 2924 inexplebilis
1043 2861 1248 2912 avaritiae

388 2927 588 2975 scientiae
616 2927 692 2974 sibi
719 2944 744 2974 a
768 2927 995 2976 Domino,

212 2991 298 3062 Ep.
311 2995 522 3047 XXV11.
556 2992 742 3049 Decess
746 3002 763 3046 t
788 2993 943 3061 pastor
966 2996 1226 3055 animarum

1484 854 1533 901 in
1559 858 1778 918 proximo
1801 857 2056 905 caeduntur.

1483 920 1659 968 ferrum
1681 923 1740 983 de
1750 924 2010 972 manubrio
2035 923 2202 971 securis
2223 922 2376 972 cadat.

1409 1028 1412 1031 ,
1489 986 1611 1035 Sane
1634 1003 1733 1036 non
1753 988 1820 1036 est
1833 991 2096 1039 admonitio
2118 996 2333 1055 accepta.

1488 1061 1624 1118 patet
1644 1070 1705 1102 ex
1716 1056 1869 1104 verbis
1891 1056 2050 1106 Ysaiae.
2062 1091 2065 1094 -

1487 1120 1604 1169 lllud
1625 1123 1822 1170 verbum
1847 1121 1992 1171 affero
2007 1121 2320 1171 confidenter.

1379 1207 1398 1217 ·
1425 1191 1430 1195 '
1482 1188 1612 1252 Qid
1632 1192 1822 1238 autern?
1845 1193 2110 1253 Qomodo
2124 1191 2252 1237 enim
2279 1203 2381 1238 non
2429 1178 2443 1189 χ

1476 1253 1662 1332 poffum
1687 1270 1795 1302 eum
1830 1257 2039 1319 diligere.

1475 1322 1525 1369 in
1564 1322 1649 1369 suis
1672 1320 1996 1380 dilectionibus
2039 1323 2089 1374 ὅς
2132 1321 2423 1374 benedict-ie-

1471 1390 1701 1520 Epniglulss.
1720 1453 2002 1521 tempestive
2023 1471 2180 1506 exeas,

1379 1536 1391 1549 ·
1477 1524 1600 1587 Ignis
1638 1526 1889 1571 devorabit
1911 1539 2115 1588 corpora
2133 1513 2240 1573 alias
2270 1525 2420 1574 taber-

1601 1589 1770 1638 nacula
1792 1607 1975 1638 eorum.

1471 1673 1583 1706 narn
1610 1672 1760 1721 genus
1784 1656 1851 1705 est
1873 1643 2125 1706 hominum
2146 1690 2175 1717 ‚
2199 1644 2330 1743 quod
2354 1657 2421 1708 di·

1549 1727 1688 1773 citur.

1479 1799 1533 1839 ut
1552 1795 1609 1839 ad
1622 1805 1740 1855 opes
1764 1788 1842 1839 vel
1869 1805 1988 1855 opus
2017 1790 2250 1856 Episcopi.

1480 1859 1529 1908 ὃ(
1541 1860 1599 1904 de
1616 1866 1783 1905 ventre
1803 1855 1921 1904 illius
1935 1856 2171 1905 extrahet.

1476 1926 1535 1972 de
1559 1925 1752 1989 optimis
1773 1924 1986 1970 Amalec.

1471 1993 1595 2040 bene
1615 1989 1741 2038 dieta
1761 1991 2034 2054 deturpant.
2232 2030 2240 2037 .

1472 2060 1618 2106 verba
1642 2057 1894 2120 Sapientiae
1931 2055 2040 2104 talia
2064 2056 2423 2135 comminantis-¹

1469 2127 1650 2172 utinam
1673 2124 1731 2171 ab
1757 2124 2029 2171 hominibus
2050 2120 2189 2186 hujus
2203 2125 2378 2172 mundi.

1382 2203 1401 2213 ·
1471 2193 1555 2256 Ep.
1567 2191 1684 2239 XV.
1721 2190 1935 2238 intercisa
1958 2190 2140 2255 supplet
2159 2189 2364 2249 affeetio.

1474 2258 1698 2322 Cumque
1725 2256 1870 2306 civilis
1894 2254 2102 2306 affeffio.

1337 2336 1357 2345 ·
1398 2316 1417 2321 '⁷
1473 2339 1576 2389 quae
1622 2325 1938 2372 vehementer
1975 2323 2325 2389 &praemature
2353 2324 2423 2371 de‘

1608 2391 1741 2440 serui.

1420 2489 1437 2500 -
1469 2474 1547 2508 me
1559 2461 1973 2524 praevaricatorem
2005 2484 2030 2497 ··
2097 2485 2114 2497 -
2160 2455 2410 2518 constitueq

1535 2534 1664 2574 runt.

1474 2592 1750 2658 limpidique
1767 2592 1994 2640 orationis
2018 2591 2282 2639 urbanitate

1475 2661 1753 2725 suspendat
1743 2676 1790 2707 in
1803 2657 2121 2722 spiritualibus.

1470 2726 1694 2775 vocabuli
1726 2724 1980 2774 venalitate
2001 2723 2195 2771 vilescit.

1467 2791 1573 2858 jura
1596 2793 1756 2840 omnia
1783 2791 2028 2855 pervertit.

1473 2876 1613 2924 quarn
1631 2873 1853 2907 numerus
1875 2856 2167 2921 inexplebilis
2191 2841 2405 2906 avaritiae.
2468 2881 2470 2919 l

1472 2926 1673 2975 scientiae
1689 2924 1767 2972 fibi
1791 2925 1958 2988 sponte
1971 2925 2238 2972 aDomino.

1383 3021 1407 3034 -
1473 2995 1559 3058 Ep.
1573 2992 1708 3046 XVI.
1743 2988 1928 3045 Receff
1931 2999 1951 3041 t
1962 2989 2119 3058 pastor
2131 2992 2405 3046 animarum.
2466 2976 2467 3010 ³

2244 3063 2408 3124 portus
2464 3089 2466 3114 3
