2471 3463
168 172 278 224 ⁷218
345 195 348 200 -
873 167 1150 226 urtunben
1180 170 1289 229 ὐιιδ
1314 175 1670 239 ἰῖαὼτίὼεεη
2110 187 2363 250 -;.Ρειὶοᾰ.

184 247 2393 291 mm...-

174 284 261 334 per
274 272 550 321 Malachiam
573 277 712 325 dicit:
739 284 826 340 Ego
837 280 1060 340 requiram
1077 296 1179 329 oves
1192 300 1308 331 meas
1329 287 1381 332 de
1392 303 1525 334 manu
1545 292 1738 351 pastoris,
1811 293 2046 345 Dominus
2068 300 2182 347 dicit
2205 289 2235 357 ,‘
2254 306 2396 363 requi-I

170 353 296 397 ram,
324 340 496 404 impius
519 344 633 392 dicit
653 361 738 392 non
760 351 982 409 requiret,
1012 346 1145 412 cujus
1166 384 1182 409 ,
1218 360 1356 416 putas
1379 388 1392 412 ,
1433 355 1656 405 assertum
1685 361 1959 424 praevalebit
1981 382 1998 426 3
2035 366 2256 414 Verbum
2280 370 2400 429 Isaac?

170 406 425 472 Prophetae
445 408 542 458 est:
579 415 759 471 juravit
782 418 986 462 Dominus
1007 420 1305 480 exercituum,
1329 423 1475 469 dicens
1488 441 1507 470 .·
1527 428 1573 473 Si
1592 443 1675 473 non
1693 441 1744 474 ut
1756 432 1993 490 previdens
2014 435 2081 478 ita
2101 437 2188 481 erit
2201 468 2217 492 ,
2241 432 2397 497 &²⁵stst
2429 438 2460 485 ’Ἃ

169 488 220 520 ue
230 474 394 521 homini
415 479 462 522 in
482 493 647 540 mente,
680 484 738 543 fic
749 486 933 533 eveniet.
1003 484 1122 533 Sunt
1145 489 1273 536 enim
1296 491 1506 541 Abbates
1527 503 1791 560 quaerentes
1805 498 1994 562 potius,
2033 517 2135 566 quae
2161 505 2267 551 sunt
2288 504 2390 564 sua',
2417 524 2422 526 ’

168 557 313 606 quam
338 559 441 609 quae
452 546 592 611 JESU
615 549 884 600 CHRISTI.
964 553 1009 600 A
1032 551 1258 604 frmitibus
1277 572 1446 607 eorum
1467 575 1552 610 eos
1565 564 1881 628 cognoscetis,
1986 567 2050 615 Hi
2074 601 2088 629 ,
2129 568 2397 628 animarum
2453 599 2457 602 ·

168 609 283 658 cura
303 614 506 662 omnino
535 616 818 683 postposita,
858 620 921 669 sui
942 621 1156 670 debitum
1168 621 1312 672 officii
1332 635 1583 693 reputant,
1617 631 1672 689 si,
1707 634 1754 680 in
1777 632 1904 680 suam
1925 633 1975 683 &
1993 634 2179 684 suorum
2196 640 2397 703 pernici-0,
2420 652 2443 705 ἐζ.

167 693 245 738 em
263 711 278 737 ,
311 679 618 744 poffessiones
642 686 846 735 ecclefiae
857 688 980 747 suae,
1008 693 1175 753 pertas
1199 691 1424 753 &nefaS,
1461 697 1655 748 culturis
1681 699 1946 750 &aedificiis
1970 703 2305 767 magnificent,
2340 705 2397 760 &,
2418 700 2445 766 ξ’

165 745 496 798 dilatationem
518 754 780 802 amicorum
800 788 824 813 ,2
841 771 933 804 nec
946 771 1050 822 quae
1072 757 1098 804 εἰ
1110 759 1283 823 Spiritu
1297 762 1522 812 timorem
1537 777 1866 833 conceperant
1877 768 2082 820 fratrum
2095 771 2247 822 salutis
2264 773 2387 839 quasi
2413 774 2448 867 ξᾗῇ

165 814 381 863 aborsum
404 819 658 882 pernitiose
686 832 976 886 procurant,
1014 833 1067 873 ut
1091 827 1157 874 eis
1176 829 1350 878 merito
1365 839 1556 896 aptetur
1566 837 1764 884 verbum
1777 835 2032 903 Prophetae
2055 841 2281 889 dicentis:
2288 857 2390 905 prae.
2416 851 2446 910 ᾗςΕ

156 896 346 943 gnantes
360 883 567 945 Galaad,
597 890 661 936 ad
674 892 948 938 dilatandum
966 895 1292 957 terminossuos.
1394 901 1458 949 Hi
1479 901 1652 952 scilicet
1672 937 1687 962 ,
1725 920 1843 970 quos
1867 907 2016 971 agitat
2037 907 2219 973 spirirus
2244 907 2409 972 hujus

160 952 325 1000 mundi
348 985 362 1009 ,
400 952 583 1016 spititus
604 959 851 1023 vertiginis
873 959 922 1009 <Sc
945 963 1132 1010 erroriS.
1204 963 1375 1013 Melius
1398 967 1464 1016 est
1492 970 1575 1019 tibi
1597 987 1774 1037 augere
1797 976 1995 1021 domum
2019 982 2150 1023 tuam
2175 977 2395 1026 moribus

160 1034 303 1082 quarn
326 1018 687 1084 possessionibus
707 1044 723 1087 3
758 1026 924 1075 melius
939 1027 1005 1077 est
1018 1029 1195 1077 coelum
1216 1032 1445 1098 implere,
1481 1040 1891 1102 quarnhorreum,
1926 1042 1975 1092 <Sc
1997 1043 2098 1092 hoc
2109 1044 2267 1093 facere
2281 1044 2388 1110 pot·
2430 1047 2458 1110 }·;f

160 1100 211 1133 es
237 1086 377 1136 &illa
396 1104 496 1137 non
510 1089 783 1142 obmittere.
854 1096 1147 1146 Veternosas
1168 1108 1329 1148 autem
1353 1103 1658 1154 Vicariorum
1683 1112 1970 1174 propagines
1992 1144 2007 1167 ‚
2061 1126 2163 1176 quae
2188 1127 2249 1175 ex
2269 1127 2386 1178 quo·
2428 1101 2449 1174 ζ’,ἶ

157 1154 358 1205 rundam
381 1158 775 1221 praedecefforum
798 1171 995 1212 tuorum
1016 1165 1306 1231 negligentia
1327 1169 1643 1234 pullularunt,
1677 1178 1862 1225 succide
1886 1178 2114 1228 maturius
2136 1212 2150 1237 ,
2188 1194 2250 1227 ne
2262 1181 2384 1233 vitu-
2411 1178 2470 1246 *5³3³

155 1221 268 1270 laria
290 1238 392 1287 quae
415 1241 656 1291 nunquam
680 1228 967 1280 fructificant
988 1265 1003 1289 ,
1041 1233 1246 1283 surculus
1313 1253 1415 1287 non
1474 1256 1536 1289 ne
1604 1243 1871 1293 visitatione
1898 1246 1972 1293 sua
2009 1249 2281 1312 propendat
2319 1248 2388 1297 in-
2438 1240 2467 1319 {⁵

156 1298 402 1339 crementa
417 1325 431 1348 ,
468 1293 544 1341 fac
568 1298 728 1344 omnia
741 1299 1053 1361 praeeminere
1073 1301 1283 1350 confilIO.
1354 1307 1469 1354 Non
1482 1316 1643 1357 tamen
1658 1313 1820 1360 credas
1843 1313 2021 1378 spiritui
2045 1322 2129 1362 tuo
2144 1347 2158 1372 ,
2194 1315 2271 1363 sed
2293 1317 2385 1380 pri-

155 1372 209 1404 us
231 1359 383 1422 proba
408 1368 566 1408 utrum
588 1377 648 1409 ex
672 1364 779 1411 Deo
809 1365 875 1413 fit.
947 1367 1146 1432 Semper
1170 1377 1331 1419 autem
1348 1376 1509 1436 potius
1524 1378 1583 1423 de
1599 1379 1819 1426 oratione
1840 1411 1855 1436 ,
1893 1395 2036 1443 quam
2059 1383 2118 1429 de
2134 1383 2386 1446 prudentia
2430 1378 2471 1449 ξξῖ

157 1432 237 1471 tua
255 1457 269 1480 ,
308 1426 366 1471 de
379 1426 487 1474 Deo
500 1429 687 1477 tanturn
709 1431 758 1480 ὅ(
776 1448 875 1480 non
890 1433 949 1480 de
961 1433 1232 1501 Principum
1247 1437 1410 1487 favore
1422 1442 1633 1491 confidas
1645 1477 1659 1501 ,
1690 1448 1799 1508 quia
1821 1449 2093 1506 maledictus,
2113 1453 2193 1511 qui
2212 1452 2387 1511 confidit
2432 1450 2457 1511 ἐξ

149 1494 197 1537 in
216 1492 382 1539 bomine
396 1526 411 1550 ,
439 1492 579 1558 juxta
592 1497 873 1548 sententiam
891 1501 1121 1567 sapientis.
1137 1511 1288 1552 Nonne
1310 1510 1413 1556 Dni.
1426 1511 1617 1572 plurima
1631 1513 1854 1573 fortitudo
1877 1517 1905 1560 ,2
1952 1516 2180 1564 Scribitur
2197 1526 2384 1566 autem:
2437 1531 2450 1552 ὲ

154 1575 244 1609 vos
268 1564 579 1612 excontinuo
593 1566 983 1618 versutihostium
1008 1570 1232 1631 insultus»,
1259 1590 1427 1639 graves
1451 1578 1686 1629 molestias
1712 1581 1931 1630 sustinere
1953 1616 1967 1641 ,
2016 1584 2227 1650 ideoque
2246 1586 2383 1644 vobis
2404 1594 2408 1597 “

151 1626 245 1675 effe
260 1629 412 1676 Sacrae
434 1631 686 1696 Scripturae
709 1634 923 1701 suffragia
943 1638 1197 1688 necessaria
1219 1675 1233 1698 ,
1268 1639 1554 1706 cujusleffio
1577 1649 1799 1712 frequens
1823 1659 2025 1699 conatus
2058 1652 2250 1700 hostiles
2276 1668 2384 1702 eva·
2439 1662 2458 1718 ᾗ»

151 1703 292 1752 cuet,
328 1703 472 1761 atque
498 1701 706 1748 turbines
728 1702 1022 1752 aestuantium
1041 1708 1376 1771 tempestatum
1391 1744 1404 1767 ,
1426 1716 1557 1778 quod
1576 1718 1736 1778 gratiae
1765 1719 2067 1767 serenitatem
2088 1719 2380 1786 tranquillet,
2429 1723 2462 1790 ἧς

150 1771 411 1828 propterea
434 1765 604 1814 librum
627 1768 832 1817 vestrum
847 1787 956 1818 cum
970 1772 1185 1821 instantia
1198 1780 1453 1841 repeteris,
1474 1782 1550 1844 qui
1565 1783 1645 1829 uni
1671 1798 1730 1830 ex
1747 1793 1951 1849 quatuor
1963 1783 2247 1835 affimilatur.
2267 1788 2379 1836 Scio
2430 1786 2465 1845 ,5³

150 1832 280 1877 enim
303 1865 318 1889 ,
353 1835 483 1897 quod
506 1833 599 1882 fine
622 1838 967 1886 tentationibus
990 1841 1072 1888 vix
1095 1841 1216 1889 hora
1237 1845 1429 1893 dimidia
1451 1847 1700 1897 claustralis
1727 1854 1826 1900 vit-a
1850 1853 2147 1917 transigitur,
2184 1856 2310 1902 unde
2330 1854 2381 1906 ’δε
2430 1855 2458 1924 ”lg

148 1897 316 1946 militia
339 1900 563 1965 regularis
588 1919 718 1952 arma
744 1905 994 1971 spiritualia
1018 1909 1165 1973 exigit
1185 1943 1200 1968 ,
1255 1915 1314 1959 de
1339 1914 1507 1977 quibus
1531 1919 1746 1979 Apostolus
1768 1921 1826 1968 ad
1850 1923 1943 1966 Cor.
1970 1921 2127 1969 scribit
2145 1954 2160 1978 ,
2193 1923 2384 1972 dicensz
2418 1927 2459 1992 Γῇ

149 1968 294 2013 Arma
325 1971 489 2015 militiae
512 1972 650 2029 vestrae
681 1990 765 2019 non
806 1978 1006 2020 carnalia
1041 1979 1123 2036 sed
1139 1982 1333 2040 potentia
1359 1982 1422 2027 ad
1447 1984 1768 2043 destruelionem
1800 1990 2087 2035 munitionum
2119 1990 2381 2048 destruentes
2427 1996 2463 2051 “ivs

148 2049 314 2081 omnem
335 2038 615 2085 altitudinem
639 2074 654 2098 ,
683 2041 957 2090 extollentem
974 2049 1016 2101 se
1038 2046 1241 2106 adversus
1260 2049 1486 2108 scientiam
1499 2055 1608 2110 Dei,
1648 2059 1915 2117 captivantes
1934 2074 2100 2103 omnem
2121 2057 2390 2110 intelleHunt,
2427 2039 2469 2128 {i

147 2103 214 2148 ad
228 2104 472 2166 obsequium
497 2107 663 2166 christi.
736 2111 876 2158 Sacra
899 2112 1043 2175 igitur
1065 2113 1233 2162 Lectio
1247 2118 1384 2164 vobis
1399 2119 1653 2169 necessaria
1664 2123 1754 2180 est,
1788 2125 1883 2188 ipsa
1898 2125 2023 2172 enim
2046 2124 2110 2172 est
2125 2126 2282 2174 mensa
2305 2135 2375 2175 ta·
2417 2130 2455 2189 ἰζ’

148 2170 412 2230 bernaculi,
453 2190 555 2239 quae
577 2179 633 2223 ad
660 2177 958 2234 aquilonem,
978 2182 1102 2227 unde
1125 2197 1273 2230 omne
1298 2184 1473 2233 malum
1491 2190 1738 2251 panditur,
1763 2192 1910 2256 pofita
1935 2191 2028 2250 est,
2067 2195 2197 2258 quod
2209 2196 2376 2255 Psaeltes
2420 2178 2463 2384 ἶ

2425 2259 2433 2268 x

146 2238 377 2289 infinuans
412 2242 526 2293 dicit
553 2261 567 2290 t
612 2237 793 2306 PostJisti
814 2250 859 2292 in
882 2248 1088 2308 conspetflu
1111 2266 1200 2295 meo
1221 2253 1408 2310 menfizm
1440 2256 1642 2317 adversus
1667 2259 1736 2304 eor
1759 2289 1773 2312 ‚
1810 2263 1888 2321 qui
1908 2260 2124 2306 tribulant
2144 2270 2225 2310 me'.
2298 2262 2373 2310 De
2416 2275 2417 2280 ’
2455 2274 2461 2294 -’

146 2306 305 2354 mensa
329 2309 494 2359 hac&
515 2311 824 2376 spiritualibus
848 2316 987 2362 armis
1007 2315 1372 2381 loquiturlsaias
1397 2326 1588 2374 Ponam,
1611 2327 1788 2390 inquit,
1821 2330 2007 2388 mensam
2018 2330 2373 2390 contemplariane
2425 2323 2456 2384 Ϊ

145 2374 190 2419 in
216 2374 390 2434 specula.
458 2384 659 2440 surgite,
692 2382 872 2447 inquit,
903 2385 1037 2444 primi
1051 2387 1263 2447 principes
1285 2386 1534 2452 &arripite
1552 2393 1751 2452 clypeum.
1818 2395 1957 2443 Sacra
1978 2393 2121 2443 168(ἰο
2142 2396 2272 2444 cibus
2286 2397 2370 2464 est,
2421 2385 2461 2447 {ii

148 2443 257 2505 quia
279 2441 395 2489 teste
409 2444 663 2511 Evangelio
679 2483 692 2506 ,
728 2466 828 2498 non
849 2455 893 2496 in
903 2453 986 2513 folo
1000 2468 1110 2513 pane
1131 2455 1243 2500 vivit
1266 2455 1413 2512 bomo,
1440 2460 1523 2518 sed
1537 2477 1591 2505 ex
1611 2464 1726 2506 omni
1744 2461 1833 2507 cibo
1846 2492 1859 2515 ,
1884 2463 2004 2525 quod
2016 2465 2211 2525 procedit
2228 2465 2279 2511 de
2297 2481 2384 2524 ore»
2417 2434 2460 2564 *ᾗ

144 2509 262 2565 Dei,
298 2524 384 2573 per
407 2511 536 2559 hunc
551 2516 708 2564 cibum
726 2518 1240 2582 spiramus&vivimus.
1311 2526 1472 2579 Verba,
1505 2529 1660 2592 inquit
1681 2529 1913 2578 Dominus
1937 2564 1952 2588 ,
1984 2548 2079 2594 quae,
2098 2548 2174 2593 ego
2195 2535 2366 2595 loquor,
2406 2547 2459 2624 ,Ἀρ

139 2577 314 2636 spiritus
332 2579 433 2635 funt
458 2578 508 2624 ἐς
529 2584 635 2629 vita.
735 2584 884 2634 Certe
908 2587 1006 2634 solo
1041 2588 1103 2636 sui
1140 2589 1315 2654 eloquii
1338 2592 1608 2642 testimonio
1637 2595 1958 2645 CHRISTUS
1990 2606 2158 2646 contra
2197 2615 2366 2649 omnes
2415 2601 2456 2669 ᾖξ’

145 2644 336 2692 Diaboli
358 2649 648 2696 tentationes
666 2652 769 2699 usus
795 2653 859 2701 est
882 2655 930 2701 in
963 2656 1164 2704 deserto.
1230 2659 1276 2705 Si
1299 2672 1416 2724 ergo
1442 2662 1659 2710 consistat
1682 2666 1897 2713 adversus
1918 2680 2005 2715 vos
2029 2664 2200 2733 castra,
2233 2667 2365 2716 scuto
2427 2663 2456 2747 {2-

143 2713 284 2761 bonae
304 2711 569 2762 voluntatis
596 2727 773 2765 armate
797 2736 883 2768 vos
907 2722 955 2771 ὅ(
968 2722 1124 2786 gladio
1136 2724 1346 2790 spiritus,
1380 2731 1459 2793 qui
1480 2729 1544 2778 est
1566 2731 1766 2778 verbum
1779 2732 1883 2780 Dei.
1953 2734 2000 2778 Si
2021 2735 2246 2794 infirmata
2260 2737 2381 2797 sunt*
2426 2755 2445 2810 4}

136 2796 284 2845 genua
305 2780 355 2826 (5
366 2781 566 2840 diffolutae
587 2800 766 2837 manus,
791 2789 834 2846 fi
852 2794 959 2834 moti
971 2792 1099 2853 peder
1118 2808 1199 2838 aut
1221 2794 1340 2855 effufi
1353 2797 1452 2854 sum
1467 2797 1633 2859 greffin
1656 2829 1669 2852 ,
1703 2797 1931 2864 confidite
1955 2833 1968 2856 ,
2003 2803 2109 2865 quia
2134 2804 2264 2853 verbo
2286 2805 2370 2850 Dei

136 2849 311 2909 firmati
329 2849 426 2907 funt
447 2853 552 2898 coeli.
620 2852 667 2900 Si
691 2854 748 2900 ad
774 2856 943 2916 gratias
968 2891 983 2914 ,
1020 2861 1419 2926 compunfflones
1444 2866 1494 2915 ὅ(
1516 2881 1710 2914 arcanas
1735 2868 1889 2914 cordis
1904 2864 2213 2930 jubilationes
2233 2872 2365 2919 refri·
2423 2877 2444 2919 5⁴⁴

143 2915 290 2979 gescit
314 2917 468 2967 anima
494 2918 572 2967 vel
586 2921 838 2984 torpescit3
876 2923 923 2968 Si
948 2925 1214 2976 obdurescit
1236 2929 1536 2998 adlacrymas
1555 2951 1574 2995 ς,
1616 2933 1647 2979 s1
1667 2932 1843 2980 coelum
1868 2949 2050 2983 aeneum
2084 2937 2261 2986 faetum
2295 2936 2361 2985 est
2423 2940 2428 2990 ,ἕ

143 2983 218 3040 ei,
253 2990 309 3030 ut
331 2999 405 3032 res
420 2985 664 3051 spiritualis
686 2987 765 3035 vel
789 2989 952 3054 pluvia
975 2992 1110 3056 super
1134 3008 1325 3045 montes
1349 3002 1499 3047 Gilboae
1516 3016 1616 3048 non
1642 2999 1942 3060 discendant,
1973 3019 2063 3052 vos
2077 3006 2228 3052 Sacrae
2242 3006 2368 3072 Scri-p

142 3056 297 3115 pturae
318 3066 480 3104 curam
501 3055 792 3122 impendite,
827 3059 1082 3126 mittetque
1106 3061 1342 3116 Dominus
1353 3071 1553 3120 verbum
1573 3067 1705 3118 suum
1726 3068 1775 3119 ὅ(
1793 3065 2068 3139 liquefaciet
2081 3087 2162 3132 ea,
2198 3074 2360 3188 msittet

2251 3154 2358 3204 pin-
