2547 3442
266 205 326 242 η
438 222 441 225 Α
902 206 905 213 -
954 181 1240 257 utrumn
1260 188 1369 243 uno
1391 187 1746 250 madidam
2209 212 2251 261 ³-
2272 179 2462 253 Period.

257 299 400 368 poffit
421 303 668 367 personam
686 302 911 351 idoneam
933 301 1131 350 Decano
1154 303 1314 353 nostro
1336 304 1416 354 vel
1429 304 1532 368 ejus
1553 305 1715 355 locum
1745 309 1931 358 tenenti
1961 325 2054 360 nec
2082 327 2184 361 non
2215 312 2409 363 consilio
2430 314 2460 349 *

255 368 413 417 nostre
425 369 625 418 civitatis
645 362 1011 433 Hamburgensis
1034 370 1312 434 praesentare
1332 404 1349 431 ,
1381 373 1462 437 qui
1484 387 1592 421 eam
1612 373 1706 422 fine
1733 372 2007 426 difficultate
2025 380 2277 444 recipient.
2365 381 2462 429 De,-

255 452 398 485 eanus
421 450 541 485 vero
561 434 640 486 ve'l
659 433 761 501 ejus
775 435 1158 485 locumtenentes
1179 438 1241 486 de
1253 438 1368 492 (citu
1390 439 1599 505 praediffi
1620 440 1801 506 consilii
1811 443 1955 507 ipsam
1975 444 2184 496 instituet
2202 448 2252 497 in
2272 449 2460 506 eadem,

253 502 385 552 dictis
405 511 568 552 autem
587 511 785 553 centum
807 504 858 554 &
880 505 1222 569 quinquaginta
1244 507 1377 555 annis
1389 506 1632 557 transaffis
1659 508 1852 558 collatio
1868 508 2098 562 dictarum
2108 515 2387 565 vicariatum
2401 517 2462 565 ad

253 570 514 637 capitulum
534 571 745 621 nostrum
766 572 1049 637 pertinebit,
1088 572 1154 621 Ut
1174 580 1335 623 autern
1358 575 1522 624 omnia
1542 576 1592 627 &
1613 575 1790 642 singula
1805 576 2030 642 premissa
2058 581 2332 632 inconvulsa
2354 598 2461 648 per-

249 646 503 696 maneant,
534 654 626 687 nec
649 640 697 688 in
717 639 928 686 futurum
951 637 1243 703 aliquatenus
1266 642 1570 702 immutetur,
1606 643 1851 709 praedictas
1871 645 2027 695 literas
2049 646 2192 712 Sigilli
2212 649 2357 698 nostri
2377 666 2458 715 ap-

248 705 475 769 pensione
496 705 695 754 fecimus
715 706 1014 754 communiri.
1086 708 1272 774 Qibus
1296 710 1441 771 etiam
1463 710 1711 777 praeta&us
1734 713 1964 762 Dominus
1983 714 2206 764 Hinricus
2228 716 2362 780 Hoep
2390 718 2459 766 Si-

248 772 413 839 gillum
435 774 565 821 suum
586 774 815 838 appendit
840 806 857 831 „
891 773 951 820 ad
973 771 1207 838 majorem
1230 777 1521 830 evidentiam
1552 778 1902 845 praernifforum.
1971 781 2030 830 Et
2053 796 2146 846 ego
2169 780 2458 848 supradictus

244 841 381 908 Hoep
404 874 419 899 ,
453 842 804 905 recognoscens
834 841 996 888 omnia
1023 841 1074 891 ὅ(
1102 840 1277 908 singula
1306 844 1524 910 premissa
1543 845 1636 894 effe
1660 862 1774 896 vera
1797 847 1847 897 &
1868 862 1954 913 per
1974 863 2053 897 me
2075 849 2135 898 fic
2158 849 2287 915 gesta
2312 857 2457 915 atque

245 909 372 960 faeta
392 911 452 957 de
475 907 668 957 consilio
689 908 739 958 <Sc
756 907 983 956 consensu
1002 909 1247 958 haeredum
1262 927 1483 961 meorum
1502 914 1587 962 has
1608 913 1764 963 literas
1777 915 1921 980 Sigilli
1937 918 2032 964 mei
2053 908 2340 982 appensione
2362 917 2459 966 feci

246 977 452 1026 similiter
469 977 698 1024 roborari.
765 974 944 1024 Auitum
957 976 1008 1026 ὅ(
1026 980 1190 1025 datum
1209 979 1475 1046 Hamburgi
1504 997 1630 1031 anno
1656 983 1836 1030 domini
1859 982 2103 1031 mlllefimo
2123 984 2457 1033 trecentesimo

245 1043 533 1109 sexagesimo
558 1043 786 1108 septimo,
820 1045 869 1092 in
891 1043 967 1091 die
999 1045 1125 1092 beati
1148 1045 1332 1111 Ypoliti
1360 1050 1577 1114 martyris
1606 1050 1908 1114 praesentibus
1940 1051 2313 1099 Honorabilibus
2344 1052 2467 1101 viris-

241 1112 462 1160 Dominis
483 1110 678 1170 Johanne
699 1112 904 1174 Grefi‘ken
926 1111 1125 1164 &Almo
1137 1115 1317 1174 Bofmaen
1330 1112 1590 1166 Canonicis
1612 1116 1735 1166 diste
1747 1117 2044 1167 Hamb.Eccl
2057 1121 2240 1166 Henrico
2251 1119 2303 1166 de
2314 1133 2459 1166 monte

241 1185 476 1227 Bartramo
497 1180 691 1242 Harborg
711 1178 1071 1229 Proconsulibus
1094 1187 1288 1241 Heynone
1310 1188 1470 1244 Hoyers
1491 1184 1541 1235 ὅς
1562 1185 1757 1243 Jahanne
1777 1186 1880 1244 Kyl,
1911 1184 2174 1234 consulibus
2202 1187 2377 1243 Hamb.
2407 1187 2468 1238 δε·

233 1248 459 1297 ΚΙὲιὶὸαναὶιν
479 1249 564 1310 Kyl
581 1248 687 1298 cive
697 1249 946 1311 Hamburg
956 1246 1147 1299 testibus
1161 1251 1220 1300 ad
1231 1251 1457 1317 praemiffa
1477 1254 1663 1303 vocatis
1685 1251 1948 1318 specialiter
1964 1253 2219 1320 &rogati-50·

400 1371 424 1397 ὓ
448 1369 474 1415 ι’.
485 1382 516 1409 e.
535 1370 697 1415 Senatui.

240 1539 304 1622 7.
356 1507 759 1626 Joachimi
807 1508 1173 1634 Clitzing
1220 1510 1632 1635 Praepofiti
1669 1508 1963 1603 Hamb.
2005 1509 2453 1605 Arrestatio
2537 1519 2543 1522 ”

242 1636 551 1706 omnium
571 1635 943 1706 reddituum
974 1638 1238 1708 Vicariae
1260 1640 1326 1709 in
1350 1637 1692 1708 Catharina
1717 1664 1921 1734 quarn
1953 1637 2262 1730 johannes
2297 1662 2454 1714 vam

331 1742 560 1833 Kroge-
582 1736 849 1831 poffidet
867 1789 884 1816 ‚
913 1735 1012 1805 fad
1046 1737 1408 1807 instantiam
1445 1736 1700 1808 Nicolai
1732 1736 2006 1809 Francke
2042 1738 2355 1833 Praepositi

788 1838 1092 1912 Rostoch.
1118 1840 1369 1910 decreta
1386 1863 1541 1934 1519.
1568 1862 1648 1917 21.
1670 1837 1919 1911 ottob.

346 2005 373 2040 e
399 1989 627 2039 mandato
645 1987 929 2039 venerabilis
947 1990 1038 2039 viri
1057 1987 1534 2053 Domini&Magistri
1551 1988 1787 2053 Joachimi
1807 1987 2453 2055 ClitzinckPraepofitiHamss

346 2062 543 2123 burgen.
556 2056 652 2105 loci
675 2055 915 2104 Ordinarii
936 2056 986 2106 ὅ(
1007 2058 1066 2103 ad
1088 2056 1354 2107 instantiam
1372 2056 1654 2117 venerabilis
1666 2057 1772 2105 Viri
1785 2056 1979 2106 Domini
2003 2071 2058 2105 ac
2081 2056 2290 2122 Magistri
2303 2060 2451 2107 Nico-

241 2127 302 2176 lai
321 2125 533 2174 Francke
555 2122 795 2189 Praepofiti
819 2121 1170 2173 Rostochienfis
1194 2125 1286 2175 ἃς.
1307 2124 1589 2174 arrestentur
1609 2126 1688 2174 sub
1718 2136 1843 2190 pena
1867 2125 2377 2174 excommunicationis
2398 2126 2451 2175 ὅ(

243 2201 438 2243 centum
460 2190 752 2239 florenorum
769 2189 972 2239 Renenll
994 2206 1163 2238 omnes
1186 2192 1237 2241 ὅ(
1258 2193 1421 2259 singuli
1441 2191 1620 2242 finitus
1642 2193 1851 2240 redditus
1873 2191 1924 2241 ὃς
1939 2198 2203 2256 proventus
2225 2193 2351 2257 apud
2362 2192 2451 2240 ho-

242 2260 399 2310 nestos
418 2260 545 2309 viros
565 2259 830 2307 Henricum
850 2272 960 2305 vam
982 2257 1148 2322 Kroge
1170 2258 1455 2323 &joachim
1478 2275 1571 2308 van
1593 2262 1677 2306 der
1697 2259 1894 2306 Vechte
1916 2259 2135 2323 opidanis
2159 2260 2292 2323 opidi
2302 2259 2450 2307 Ham-

243 2330 440 2392 burgen.
452 2328 671 2374 Bremen.
686 2323 898 2381 diocefis,
912 2339 1179 2389 omnesque
1191 2325 1306 2374 alios
1319 2326 1632 2374 reddituarios
1643 2326 1828 2375 vicariae
1841 2331 2074 2390 perpetue
2087 2326 2138 2372 in
2157 2324 2351 2373 ecclelia
2363 2341 2452 2391 pa-

241 2394 440 2446 rochiali
456 2390 626 2441 San&e
646 2392 908 2440 Katherine
926 2389 1100 2456 prefati
1112 2393 1243 2456 opidi
1256 2393 1582 2458 Hambvrgen.
1599 2408 1740 2457 quam
1755 2391 2000 2456 quondam
2010 2390 2254 2456 Johannes
2274 2392 2449 2442 Saltze-

241 2466 390 2527 borg,
426 2462 540 2508 dum
559 2460 774 2515 viveret,
811 2459 1062 2506 obtinebat
1080 2491 1096 2515 ,
1131 2459 1181 2508 ὅ(
1212 2475 1340 2512 nunc
1363 2460 1607 2525 Johannes
1625 2475 1735 2508 vam
1762 2459 1930 2523 Kroge
1961 2459 2149 2507 obtinet
2171 2491 2187 2516 ,
2220 2458 2270 2509 ὅ(
2291 2460 2447 2509 eidem

243 2525 449 2596 Johanni
468 2535 550 2575 aut
571 2524 672 2590 ejus
695 2525 903 2592 personae
926 2527 1227 2590 procuratori
1249 2528 1294 2576 se
1315 2529 1437 2592 patri
1465 2526 1549 2575 suo
1568 2527 1628 2574 de
1650 2533 1780 2574 retro
1801 2526 1997 2574 minime
2020 2524 2446 2590 consignentur-aut

244 2596 498 2653 solvantur,
519 2593 600 2641 nisi
621 2594 836 2658 primitus
859 2592 909 2639 &
932 2600 1043 2639 ante
1067 2596 1228 2643 omnia
1246 2629 1261 2653 ,
1294 2593 1424 2643 dieto
1445 2594 1657 2642 Domino
1677 2593 1727 2643 <Sc
1747 2591 1974 2659 Magistro
2005 2591 2210 2640 Nicolao
2231 2591 2452 2654 Francke‘

244 2666 304 2713 de
327 2677 480 2711 annua
497 2660 721 2726 pensione
743 2659 822 2707 sex
844 2674 1077 2706 annorum
1100 2662 1318 2724 proxime
1340 2662 1688 2728 praeteritorum
1713 2661 1995 2709 ascendente
2016 2659 2075 2705 ad
2089 2657 2318 2707 summam
2329 2676 2444 2726 qua.

245 2732 458 2795 draginta
479 2736 682 2794 quatuor
703 2724 995 2775 florenorum
1017 2729 1115 2776 auri
1150 2763 1403 2779 ......
1439 2729 1566 2779 salvo
1581 2729 1745 2777 saniori
1755 2725 1937 2793 calculo
1949 2724 2126 2772 eisdem
2141 2725 2276 2791 super
2286 2727 2445 2779 fruffi-

245 2801 349 2855 buS,
362 2797 618 2845 redditibus
630 2795 680 2845 ὅ(
689 2795 1000 2860 proventibus
1013 2794 1198 2858 prefate
1209 2797 1402 2846 Vicarie
1422 2812 1509 2863 per
1526 2798 1681 2846 sedem
1693 2792 2018 2860 Apostolicam
2034 2793 2294 2851 reservatis,
2318 2795 2443 2845 satis-

245 2865 425 2916 fanum
444 2864 585 2919 fuerit
600 2863 789 2910 realiter
809 2863 860 2911 ὅ(
889 2877 999 2910 cum
1029 2858 1220 2910 effectu.
1288 2865 1347 2913 Et
1366 2865 1397 2913 fi
1420 2865 1605 2914 senserit
1624 2866 1668 2911 se
1700 2862 1922 2927 gravatos
1944 2869 2255 2926 compar-eant
2276 2876 2441 2926 coram

245 2932 372 2991 ditio
382 2929 881 2981 VenerabiliDomino
900 2929 1154 2994 joachimo
1174 2930 1427 2997 Praeposito
1451 2964 1466 2989 ,
1497 2926 1597 2995 ejus
1615 2927 1804 2978 officiali
1826 2933 1907 2974 aut
1927 2925 2244 2975 commissario
2263 2929 2441 2980 in‘Pre-

245 3000 452 3067 positura
464 2998 667 3062 Juridica
689 2998 905 3062 proxima
925 2999 991 3045 ad-
1004 2996 1298 3064 allega-ndum
1323 3000 1372 3050 ὅ(
1391 3000 1645 3048 dicendum
1665 2995 1850 3053 causas,
1871 2993 2028 3058 fiquas
2048 2994 2272 3053 habeant,
2295 2999 2441 3047 ratio-

245 3067 375 3120 nales
398 3065 688 3126 relevantes,
725 3080 869 3132 quare
889 3064 1162 3131 hujusmodi
1179 3065 1407 3118 «arrestum
1422 3083 1523 3120 non
1544 3068 1718 3118 debeat
1734 3064 1866 3115 {uum
1885 3061 2036 3115 sortiri
2047 3060 2299 3127 effectum,
2316 3065 2440 3131 &ad

2338 3149 2445 3201 pre-
