2471 3463
0 0 5 120 ξ
24 85 32 93 .

0 123 3 201 ἓ
18 188 21 192 ,

125 180 294 248 2.,Cap.
309 171 487 233 stebenbe
498 169 716 235 ffiefflage.

94 313 97 315 -
405 279 546 333 Liber
569 281 762 344 primus.

69 363 88 412 1
133 350 258 416 Qid
283 348 333 395 fit
355 347 508 397 Deus?

63 434 92 466 2
128 418 200 464 De
227 416 474 463 Trinitate-

65 499 86 546 3
123 485 195 530 De
219 482 516 529 habitatione
532 480 635 529 Dei.

60 566 92 614 4
127 550 198 596 De
222 549 412 596 scientia
433 546 608 596 divina.

64 632 87 678 5
126 618 197 663 De
222 614 465 662 locutione
488 613 596 662 Dei.-

60 686 88 731 6
124 684 193 730 De
218 682 464 730 creatione
494 682 672 729 mundi,

59 763 88 812 7
126 750 196 796 De
216 750 383 797 ordine
405 756 744 796 creaturarum.

21 843 24 845 >
61 823 88 871 8
126 817 197 863 De
223 818 470 863 creatione
493 814 787 878 angelorum.
842 861 846 864 .

59 898 87 945 9
121 884 195 929 De
217 884 371 948 primo
396 881 585 944 angelo,

67 964 124 998 xo
159 950 426 1014 Qomodo
457 944 595 1010 ejeffi
621 947 724 994 sunt
755 946 908 1012 angeli
936 948 1064 998 mali:

38 1013 77 1065 71
96 1033 110 1064 1
202 1032 312 1064 uare
335 1031 436 1063 non
472 1016 559 1075 Iint
581 1013 751 1068 reversi
771 1015 942 1080 angeli.

62 1098 120 1132 12
156 1085 259 1131 (ΛΠ
289 1099 388 1130 non
416 1081 502 1130 s1nt
528 1082 744 1129 redemti.

63 1165 113 1211 13
138 1152 318 1215 „Qare
343 1150 405 1197 ad
432 1151 730 1213 peccandum
750 1147 836 1196 fine
857 1152 1020 1200 creati.

59 1232 119 1279 14
154 1217 254 1286 Cur
276 1215 431 1282 angeli
456 1215 531 1263 alii
553 1231 654 1263 non
677 1215 763 1262 fint
805 1231 894 1281 pro
925 1220 993 1267 eis
1022 1234 1121 1267 cre-

59 1364 115 1408 15
154 1293 500 1398 Deaffi‘bstantia
521 1350 824 1398 Daemonum.

59 1420 116 1464 16
155 1417 401 1481 Cogitatio
425 1431 513 1479 pro
548 1417 828 1478 operatione
849 1416 1068 1477 habetur.

59 1498 117 1543 17
153 1484 224 1530 De
250 1486 401 1530 terma
428 1481 719 1544 angelorum.

29 1588 32 1591 a
58 1564 75 1596 1
90 1558 115 1603 8
154 1550 226 1596 De
250 1548 493 1597 substantia
508 1551 742 1595 bonorum
754 1549 1049 1612 angelorum.

58 1631 115 1677 19
150 1616 222 1662 De
246 1616 450 1663 hominis
473 1614 669 1660 materia
691 1616 877 1664 carnali.

25 1714 29 1719 -
49 1698 114 1730 20
149 1684 219 1729 De
242 1682 444 1730 materia⁷
460 1680 678 1744 spirituali
701 1682 922 1731 hominis.

50 1764 107 1798 21
155 1750 420 1814 Qomodo
444 1749 594 1795 homo
615 1747 666 1793 fit
686 1749 954 1799 formatus?

51 1832 114 1864 22
152 1815 435 1863 De‘nomine
460 1814 680 1863 hominis,

49 1898 106 1943 23
153 1882 252 1930 Cur
274 1886 435 1930 creata
457 1881 507 1928 fit
529 1882 715 1929 anima?

51 1966 115 2018 ²3·
147 1951 217 1996 De
238 1948 462 1997 fruetibus
487 1947 706 2014 paradyfi.

49 2033 109 2075 25
146 2018 217 2063 De
241 2017 406 2064 somno
428 2018 560 2063 Adae.

50 2085 113 2131 26
151 2083 250 2130 Cur
273 2099 374 2130 non
394 2081 446 2130 fit
466 2089 654 2130 creat-us
674 2083 853 2141 homo,
868 2099 931 2133 ne
946 2100 1115 2151 pecca-

223 2164 273 2195 re
297 2165 396 2195 non
419 2145 574 2211 poffit.
857 2206 861 2207 ⁷

51 2228 116 2277 27
154 2215 369 2280 Qaliter
394 2221 508 2260 tunc
537 2214 843 2280 gignerentur
872 2217 1110 2277 hornineS,

216 2282 315 2344 figin
336 2279 558 2345 paradyso
584 2281 959 2343 permanfiffent?

47 2357 108 2404 28
128 2351 307 2414 ‘Qam
328 2349 405 2395 diu
428 2345 850 2395 debuissentessein
861 2353 1108 2417 paradyso?

48 2432 110 2478 29
148 2416 221 2464 De
250 2413 462 2463 nuditate
484 2414 706 2473 hominis.

51 2496 110 2543 30
145 2482 247 2530 Cur
270 2484 318 2530 in
338 2481 416 2528 illo
438 2482 656 2528 membro
670 2481 772 2548 plus
796 2496 936 2546 quam
948 2484 1106 2534 inaliis

215 2548 630 2613 concupiscentia?

48 2630 101 2678 31
141 2616 214 2664 De
238 2617 505 2664 tentatione
529 2614 774 2664 diabolica.

50 2697 108 2743 32
145 2684 302 2748 Qam
324 2684 400 2731 diu
428 2682 602 2730 fuerint
620 2684 669 2730 in
697 2683 953 2748 paradyso?

52 2764 106 2811 33
146 2750 217 2797 De
235 2748 392 2813 gladio
415 2749 690 2798 Cherubim.
729 2768 731 2770 ·

47 2830 112 2876 34
147 2819 260 2878 Quo
286 2816 460 2881 expulsi
483 2815 824 2881 processerint?

50 2894 109 2943 35
148 2881 367 2947 ExpulIus
391 2883 436 2932 ἀ
462 2883 679 2949 explosus
699 2885 758 2936 de
779 2884 1020 2952 paradyso.

45 2951 106 3010 36
141 2949 403 3011 VGen'eratio
420 2955 625 3015 peccati.

51 3027 110 3077 37
144 3016 402 3069 Peccatum
421 3018 554 3070 Adae.
579 3041 582 3047 ·

955 179 1062 224 non
1083 169 1148 218 St.
1162 169 1289 217 Petri
1313 167 1521 225 Birtha

2113 139 2264 234 '³7¹

1213 290 1270 344 38
1306 282 1613 328 Peccantium
1637 280 1884 344 sepultura.

1211 365 1269 411 39
1305 349 1375 394 De
1401 348 1600 394 emenda
1624 347 1881 409 primorum
1913 357 2179 414 parentum.

1205 430 1270 476 40
1305 414 1573 479 Qomodo
1611 413 1762 459 homo
1803 417 1998 465 reddere
2044 416 2274 468 debuisset

1195 491 1198 494 ’
1375 482 1480 526 Deo
1515 478 1737 526 ablatum.

1202 561 1262 607 41
1302 547 1374 592 De
1402 544 1717 593 satisfaffione
1740 545 1960 594 hominis,

1204 628 1268 673 42
1307 614 1379 658 De
1403 628 1550 675 poena
1574 612 1779 659 hominis
1802 615 1848 660 in
1871 613 2109 665 honorem
2134 621 2237 675 Dei.

1200 695 1261 740 43
1302 681 1377 726 Ad
1400 694 1543 742 quem
1565 678 1710 741 finem
1734 679 1887 726 horno
1925 683 2090 733 debuit
2131 691 2271 738 deve.

1372 748 1506 793 nire?

1206 827 1274 874 44
1306 814 1458 876 ‘Qod
1475 812 1625 859 horno
1639 828 1738 860 non
1760 814 1921 878 potuit
1934 830 2019 878 per
2040 817 2086 865 {e
2100 824 2266 874 redire.

1202 893 1269 943 45
1311 881 1473 944 Qare
1509 879 1706 944 angelus
1724 896 1832 930 anon
1877 883 2086 932 redemit
2116 888 2270 940 homi-

1377 949 1522 996 nem?

1202 1015 1272 1076 46
1306 1013 1404 1061 Cur
1421 1014 1536 1062 alius
1557 1015 1708 1061 homo
1727 1030 1829 1062 non
1853 1014 1908 1063 fit
1924 1014 2161 1069 restitut-us
2182 1038 2270 1088 pro

1375 1082 1566 1146 perdito
1589 1080 1821 1134 homine?
2168 1090 2171 1091 ’

1198 1162 1268 1211 47
1302 1147 1407 1196 *Cur
1429 1165 1529 1196 non
1557 1148 1622 1196 est
1638 1148 1791 1198 missus
1805 1150 2269 1215 Propheta,Patriar-

1365 1216 1460 1262 cha
1479 1215 1555 1264 vel
1584 1216 1726 1265 alius?

1195 1290 1261 1344 48
1298 1282 1402 1329 Cur
1424 1281 1544 1330 filius
1565 1284 1614 1331 ὃ(
1635 1300 1735 1330 non
1757 1283 1896 1331 Pater
1912 1285 2182 1340 incarnatus
2192 1291 2267 1343 fit?

1198 1365 1262 1410 49
1298 1350 1399 1396 C-ur
1421 1349 1627 1396 nascitur
1649 1366 1713 1396 ex
1734 1352 1946 1414 virgine?

1200 1432 1261 1477 -5o
1297 1417 1456 1482 Qare
1477 1416 1790 1466 CHRISTUS
1810 1434 1914 1464 non
1937 1422 2068 1468 venit
2085 1427 2264 1475 moxin

1369 1480 1448 1528 iilo
1476 1491 1711 1547 tempore.
1931 1484 1945 1485 ”

1197 1564 1253 1609 5¹
1293 1550 1457 1614 ·Qare
1478 1565 1579 1596 non
1602 1553 1733 1598 venit
1757 1556 1976 1614 tempore
1996 1552 2127 1617 Iegis.

1197 1629 1258 1675 52
1298 1616 1399 1663 Cur
1422 1632 1521 1664 non
1546 1616 1715 1668 distulit
1735 1620 1952 1681 usquein
1969 1617 2113 1668 finem
2126 1639 2261 1674 mun-

1361 1682 1440 1730 di?

1194 1762 1251 1810 53
1296 1749 1563 1816 Qomodo
1584 1757 1723 1799 natus
1743 1750 1798 1798 fit
1825 1751 2143 1804 CHRISTUS
2165 1757 2260 1807 fine
2298 1774 2301 1778 ’

1366 1824 1588 1880 peccato,

1141 1882 1145 1883 ⁷
1197 1894 1262 1944 54
1293 1884 1369 1930 De
1392 1885 1641 1931 nativitate
1663 1884 1934 1935 CHRISTI.

1196 1964 1257 2009 -55
1295 1951 1367 1997 De
1391 1949 1638 1999 substantia
1660 1952 1924 2000 CHRISTI.

1194 2017 1258 2076 56
1292 2017 1366 2064 De
1386 2018 1616 2082 dignitate
1638 2019 1746 2066 vitae
1766 2020 2044 2070 CHRISTI.

1192 2096 1258 2143 57
1293 2085 1365 2131 De
1387 2087 1559 2133 merito
1580 2086 1890 2134 redemtionis
1916 2088 2189 2142 CHRISTI.

1191 2159 1253 2212 53
1290 2153 1437 2217 Qod
1487 2168 1577 2215 pro
1605 2153 1880 2201 hominibus
1919 2164 2137 2207 mortuus
2166 2160 2256 2211 fuit

1361 2218 1692 2267 CHRISTUS.

1143 2330 1145 2333 ,
1190 2297 1251 2344 ς9
1291 2284 1405 2349 Qo
1429 2285 1516 2332 ivit
1537 2288 1695 2332 anirna
1717 2284 1815 2348 ejus
1836 2286 1941 2350 post
1969 2280 2210 2344 mortem?

1185 2353 1252 2398 60
1288 2352 1361 2397 De
1382 2350 1721 2399 resurreffione
1746 2352 2019 2405 CHRISTI.

1158 2419 1242 2489 ‚61
1283 2416 1372 2465 Ubi
1393 2417 1710 2467 CHRISTUS
1732 2420 2032 2496 mansitante
2061 2427 2253 2479 adscen-

1353 2483 1548 2533 fionem.

1182 2551 1249 2599 62
1285 2549 1491 2617 Qalern
1513 2552 1719 2600 formam
1748 2553 1915 2604 habuit
1933 2556 2249 2612 CHRISTUS

1355 2618 1460 2683 post
1477 2619 1897 2682 resurreetionem?

1182 2685 1216 2732 6
1226 2698 1244 2746 3
1283 2686 1519 2752 Qotiens
1543 2686 1858 2737 CHRISTUS
1867 2692 2115 2756 apparuit}

1186 2753 1251 2813 64
1283 2752 1354 2800 De
1376 2753 1640 2801 ascensione
1662 2754 1933 2806 CHRISTI.

1186 2820 1245 2878 65
1284 2819 1360 2867 De
1381 2820 1625 2869 SPIRITU
1656 2822 1946 2883 SANCTO.

1184 2887 1249 2933 66
1280 2887 1353 2934 De
1373 2890 1547 2952 gaudio
1561 2889 1826 2938 CHRISTI.

1181 2953 1249 3013 67
1280 2953 1352 3002 De
1375 2970 1580 3021 eorpore
1602 2956 1856 3007 CHRISTI
1875 2957 2072 3011 mistico·

1182 3023 1246 3074 68
1279 3021 1354 3068 De
1376 3037 1582 3091 corpore
1606 3022 1865 3075 CHRISTI
1878 3026 1926 3076 in
1938 3029 2174 3091 membris.

1193 3084 1327 3145 &aa
1355 3103 1387 3142 2
2069 3098 2132 3159 69
2167 3096 2241 3145 De
2328 3119 2332 3121 Δ
