2471 3463
188 128 288 190 456

2415 24 2420 28 ·
2468 0 2471 67 l

872 121 1156 182 'uteunbm
1185 130 1293 185 amb
1307 130 1663 195 t‘ladm‘cbten
2147 152 2188 202 3·
2183 136 2389 211 Periba,
2424 135 2430 143 '
2470 166 2471 186 κ

585 291 588 294 ,
647 239 759 289 Bibl.
773 239 898 287 Patr.
923 237 1078 304 Lugd.
1138 300 1144 304 Ι
1754 248 1877 296 MSt.
1903 250 2025 297 Petr.
2038 253 2212 302 Hamb.
2389 212 2392 215 ·
2469 209 2471 215 ¹

369 309 535 360 Fabius
555 306 719 356 Rullus
742 305 925 356 Consul
1456 307 1622 358 Fabius
1642 311 1848 362 Lucillus
1870 315 2064 365 Consul.

368 385 486 426 nota
499 376 788 440 proditoris
777 392 825 423 ιη
842 373 991 435 rnthe
1462 384 1579 425 nota
1607 381 1928 443 proditionis
1917 399 1967 432 in
1991 385 2157 434 milite.

368 447 418 493 in
441 442 662 508 catalogo
676 443 870 492 fortium
895 442 1049 490 David
1299 477 1325 487 -
1458 444 1508 491 in
1532 445 1752 512 catalogo
1775 448 2064 500 fortitudinis
2096 450 2273 504 David.

367 513 420 563 in
439 512 604 562 Abner'
622 511 671 562 ὅ(
689 512 861 585 Amasa
875 512 1141 577 denigravit

369 646 609 698 revocetis
631 649 691 696 ad
720 646 864 697 fidem
887 648 951 698 sui
972 647 1199 712 Principis

361 717 880 797 excommunicationis
900 714 1092 766 vinculo
1124 712 1428 778 astringam-

453 791 530 832 tur

369 868 462 902 nec
483 852 610 917 Regi
646 880 665 889 -
698 867 792 901 nec
811 851 885 900 alii
920 881 939 889 -
969 843 1222 917 ·gratiam
1253 849 1424 899 fecit·

366 920 537 971 Refert
558 920 835 978 FrontinuS‚
863 918 1092 967 Cafilinos

370 989 662 1065 Cyzicum·
695 989 996 1035 -servavere
1016 984 1244 1034 Romanis

367 1056 419 1103 in
437 1070 565 1119 eo,q
570 1056 616 1102 ui
639 1044 684 1119 sp
689 1070 737 1102 es
759 1053 913 1102 nostra
937 1052 1018 1111 est,
1033 1067 1112 1118 qui
1126 1053 1422 1101 convert1t

368 1122 631 1172 sublimabit
653 1137 805 1171 cornu
829 1119 1003 1187 Christi
1026 1121 1104 1169 sui.
1144 1117 1268 1167 Vale

197 1192 284 1276 Ep.
297 1206 459 1256 LXX.
497 1204 633 1253 Scitis
649 1204 805 1269 ,quod
825 1184 1066 1251 Robertus

366 1275 522 1323 minus
545 1280 709 1337 aptum
727 1279 809 1320 aut
831 1271 1119 1318 deteriorem
1152 1267 1306 1334 quaeso

367 1356 480 1406 erga
502 1356 590 1389 vos
613 1340 702 1388 erit
726 1338 916 1406 nepotis
937 1334 1132 1386 affeetio
1208 1384 1214 1387 ,

366 1477 511 1526 Bruta
531 1474 678 1525 foetus
703 1475 809 1524 suos
842 1504 860 1514 -
892 1488 1036 1539 -prae
1060 1472 1372 1523 eminentem.

364 1548 467 1602 Aut
490 1545 619 1592 enim
640 1544 720 1593 sub
746 1541 1016 1606 Vdilefflonis
1041 1541 1249 1606 imagine

366 1611 448 1661 nisi
468 1611 607 1660 melle
640 1611 904 1661 circumlita

367 1690 525 1745 neque
547 1681 722 1745 accipis
746 1680 996 1745 personam
1020 1677 1301 1726 hominum:
1373 1701 1392 1712 ·

365 1750 676 1813 debitumque
689 1756 866 1795 naturae
877 1748 925 1795 in
937 1746 1076 1796 vobis
1097 1760 1198 1792 non
1222 1746 1375 1793 extin-

448 1824 578 1880 guat.

368 1883 419 1934 ὅ(
437 1883 670 1947 Jacobum
691 1881 1142 1948 minorem‚Joseph
1164 1881 1308 1930 etiam
1374 1907 1392 1920 ·

362 2026 417 2068 ut
436 1949 754 2134 {ggissrpeniat
774 2015 1035 2081 benignum
1055 2015 1104 2067 ὅ(
1125 2015 1328 2082 placabi-

473 2101 549 2134 em
653 2089 662 2102 ‘

369 2154 720 2219 circumscripta
741 2152 876 2202 omni
897 2150 1021 2200 linea
1041 2151 1297 2219 parentelae
1367 2176 1387 2185 -

196 2225 282 2289 Ep.
294 2222 490 2271 LXXI.

196 2305 491 2372 Ep.I..XXII.
517 2304 758 2371 frequenti
780 2302 1075 2370 suggestione
1106 2310 1188 2354 tua

373 2457 513 2508 alium
539 2454 819 2506 introduxit.
840 2496 843 2497 γ
864 2453 1147 2511 Βεηεάἰᾶυε

372 2593 488 2642 Illud
508 2599 668 2643 autem
690 2591 806 2641 mihi
827 2592 888 2640 ad
908 2597 1077 2639 votum
1111 2614 1130 2623 -
1163 2589 1352 2638 accedit
1382 2619 1397 2628 -

375 2661 455 2709 sed
477 2669 557 2708 tua
578 2661 754 2709 invidia
774 2656 1040 2738 processisse

374 2729 508 2793 Qas
530 2726 579 2776 ὅ(
602 2727 826 2776 Caeditius
847 2729 1002 2792 gravis
1035 2726 1219 2775 invenit

373 2796 506 2844 {uum
526 2792 738 2859 gestare
727 2810 775 2842 m
789 2792 987 2859 peetore
1008 2793 1176 2842 testem

373 2863 554 2911 Invidia
582 2859 671 2918 est,
709 2877 849 2926 qua·
881 2891 898 2900 -
929 2864 1266 2911 —vediderunt

374 2928 541 2978 ineffet
561 2930 745 2994 generis
770 2928 1005 2977 mentisve
1029 2929 1252 2978 nobilitas

377 2996 540 3064 thue
571 2996 723 3049 latens
742 2996 842 3047 imo
865 2997 1028 3062 vipera
1049 2996 1190 3062 serpit

1453 510 1504 560 in
1528 515 1690 563 Abner
1712 515 1762 565 ὃς
1785 515 1968 565 Amasa
1982 521 2246 570 enormiter
2280 523 2408 610 deni-

1526 582 1697 645 gravit.

1384 675 1402 685 -
1471 651 1713 698 revocetis
1736 651 1795 699 ad
1816 649 1977 704 fidem.
2418 707 2423 709 Δ

1410 719 1971 780 -excommunica-tionis
2003 720 2198 809 vinculo
2229 722 2412 773 restrin-

1528 793 1715 849 gantur.

1456 866 1549 900 nec
1572 854 1710 918 Regi·
1714 868 1805 904 nec
1819 853 1920 903 aliis
1954 885 1974 895 -
2062 856 2264 921 gratiam
2277 857 2411 908 fecit.
2440 884 2444 885 ν

1463 921 1631 970 Refert
1651 923 1922 972 Franconus
1950 922 2215 975 CasalitiOS.

1344 948 1363 957 -
1376 1016 1395 1025 -
1466 985 1664 1052 Dcfimt.

1457 1055 1506 1102 in
1526 1070 1587 1103 eo
1600 1089 1615 1114 ‚
1630 1057 1714 1120 qui
1729 1059 1989 1107 convertit.

1372 1143 1391 1153 -
1465 1121 1729 1171 sublimabit
1751 1139 1903 1172 cornu
1926 1123 2101 1174 Christi
2122 1125 2187 1174 sui

1414 1227 1421 1234 ·
1459 1201 1545 1267 Ep.
1558 1202 1838 1253 XXXVIIl.
1850 1205 2203 1308 Sciti8‚quodl3.
2224 1206 2407 1260 Saresb.
2442 1228 2445 1230 ·

1376 1297 1394 1308 ·
1463 1271 1619 1321 minus
1642 1280 1810 1339 aptum
1824 1272 1994 1343 quaeso·
2440 1282 2446 1285 '

1459 1352 1572 1404 erga
1596 1339 1786 1406 &apud
1805 1356 1894 1392 vos
1940 1342 2030 1392 erit
2070 1343 2310 1409 nepotum
2343 1343 2413 1392 af-

1465 1406 1690 1554 Diffi}
2377 1434 2383 1444 ’

1392 1565 1412 1576 -
1466 1546 1567 1593 Aut
1591 1546 1720 1592 enim
1744 1540 2049 1607 subjeffioni's
2067 1544 2295 1610 imagine.

1464 1610 1545 1659 nisi
1574 1610 1715 1660 melle
1730 1612 2060 1663 circumlinita.

1461 1693 1620 1744 neque
1641 1686 1870 1745 acceptas
1897 1679 2118 1745 personas
2143 1679 2412 1730 hominum.

1411 1746 1431 1785 -’
1467 1748 1777 1810 debitumque
1804 1747 1854 1794 in
1876 1746 2015 1794 vobis
2037 1761 2140 1794 non
2152 1747 2414 1812 extinguat.

1463 1879 1514 1932 ὃς
1532 1880 1766 1946 Jacobum
1789 1881 2028 1930 minorem
2041 1911 2057 1938 ,
2069 1881 2213 1930 etiam
2229 1879 2416 1948 Justum

1398 2045 1417 2055 -
1467 2023 1521 2065 ut
1543 2030 1632 2066 vos
1657 2015 1870 2068 inveniat
1899 2014 2164 2080 benignum

1464 2150 1776 2281 {repimsepta
1805 2150 1939 2199 omni
1964 2148 2090 2198 linea
2109 2151 2382 2215 parentelae.

1518 2234 1567 2266 ee

1322 2331 1340 2344 -
1395 2345 1402 2349 .
1460 2301 1546 2367 Ep.
1551 2300 1755 2350 XCVII.
1776 2297 2332 2366 frequentisuggestione

1529 2367 1698 2418 vestra.

1469 2452 1609 2501 alium
1642 2453 1934 2509 introduxit,
1979 2450 2030 2501 δι
2046 2465 2175 2499 nunc
2194 2466 2296 2500 non
2315 2453 2413 2499 erat
2470 2463 2471 2479 ¹

1530 2521 1603 2568 his
1626 2519 1775 2569 locus.
1821 2517 2115 2568 Benedffius.

1468 2588 1583 2636 illud
1598 2588 1973 2637 mihiadvotum
2010 2603 2027 2624 ε
2062 2585 2263 2633 accedit.

1466 2657 1542 2705 sed
1565 2664 1647 2704 tua
1671 2655 1838 2720 injuria
1861 2650 2064 2720 process
2048 2651 2128 2700 sse

1356 2755 1375 2765 -
1471 2725 1698 2789 Qasque
1723 2721 1965 2786 Dionysius
1987 2721 2141 2784 gravis
2174 2718 2330 2767 intulit

1471 2793 1600 2840 suum
1628 2790 1848 2838 deferre
1837 2806 1884 2837 in
1912 2788 2108 2854 petitore
2134 2786 2301 2837 testem

1401 2889 1421 2900 -
1470 2856 1666 2922 Dcfimt.

1354 2952 1372 2962 -
1464 2925 1666 2974 ineffet'
1655 2927 1862 2989 ingenua
1896 2925 2069 2973 mentis
2093 2920 2327 2972 nobilitaS.

1390 3018 1409 3029 -
1476 2994 1637 3060 thue
1658 2992 1808 3043 latens
1823 3007 1914 3040 una
1934 2992 2099 3059 vipera
2111 2989 2263 3056 serpit.

2302 3052 2409 3118 quia

2469 218 2471 241 l

2469 257 2471 306 Ξ
