2471 3463
122 205 172 246 2.
196 188 503 275 Cap-fiebeube
528 189 749 257 {Remum
920 200 1026 246 ”081
1048 192 1114 241 St.
1137 191 1266 242 Petri
1287 190 1477 250 ffirtbe.
1740 261 1745 262 ⁷
2159 209 2255 265 473

475 299 589 348 Bibl.
604 300 730 348 Patr.
754 299 907 364 Lugd.
1560 301 1687 348 MSe
1704 300 1878 348 Petrin.
1903 301 2076 348 Hamb.

228 365 476 430 Abjecistis
497 383 575 415 me
607 393 625 401 -
657 383 830 432 corpus
843 367 1047 416 vestrum
1198 392 1212 401 -
1307 364 1539 427 ‘Abiecisti
1564 382 1642 413 me
1675 397 1693 405 -
1720 383 1893 431 corpus
1916 376 2066 416 tuum.

229 442 283 482 ut
306 443 557 499 parentum
578 466 595 474 -
620 436 964 500 indulgentiam
987 435 1249 482 relevarem
1316 442 1369 482 ut
1384 441 1661 498 parentum·
1682 435 1938 498 indigentia
1959 435 2212 486 relevetur.

226 503 606 567 propinquitates
630 519 891 568 corporum
924 503 1213 579 respicimus
1262 501 1693 566 -propinquitates
1706 504 1921 565 corporis
1943 504 2228 580 respicimus.

226 571 285 616 ad
309 569 625 619 Heliodorum
639 604 653 628 ,
667 571 715 620 ὅ(
730 572 918 627 inveni,
933 586 1072 634 quam
1085 569 1216 632 gravi
1319 568 1376 614 ad
1390 567 1730 624 Heliodorum,
1746 584 1885 632 quam
1907 571 2055 632 gravi.

224 651 310 700 per
333 637 607 687 affeffiones
632 639 860 702 {anguinis
886 637 1127 684 revirescit
1224 656 1241 666 -
1311 649 1397 697 per
1421 633 1685 683 affefflonis
1720 636 1989 700 sanguinem
2011 639 2259 689 reviviscit.

223 706 351 750 unde
374 705 676 769 postillorum
699 707 938 769 gaudeant
970 703 1155 749 obitum
1227 730 1245 738 -
1314 703 1445 748 unde
1457 701 1756 766 postillorum
1774 704 1957 751 obitum
1974 707 2259 754 crucientur.

225 786 419 820 omnem
444 773 743 841 altitudinem
778 770 1093 819 extollentem
1227 791 1245 800 -
1316 769 1842 885 Onlffiaergstimdmem
1856 771 2096 836 dignitatis
2110 773 2260 822 extol·

226 912 454 969 repetent
475 906 679 953 animam
705 919 863 952 meam
1319 912 1509 968 repetet
1521 907 1725 954 animam
1740 920 1897 953 meam
1915 905 2060 955 Deus,

220 970 962 1031 d1fferreart1culum‚donecdes
965 970 1281 1020 diamsuam
1314 970 1502 1020 differre
1556 972 1848 1036 periculum,
1895 975 2261 1038 protrahentem

1375 1037 1633 1089 sanetitatis
1692 1042 1943 1106 negotium
1966 1075 1981 1100 ‚
2041 1042 2262 1091 defidiam

1374 1108 1511 1155 luam

218 1179 558 1244 indignationis
580 1177 850 1228 absterreat.
1104 1205 1128 1216 -
1313 1174 1651 1240 indignationis
1673 1173 1944 1224 exstet-reat.
2066 1221 2069 1224 .

219 1249 408 1310 quando
427 1246 631 1312 replebis
650 1247 700 1295 in
723 1249 858 1295 bonis
880 1246 1157 1296 desiderium
1227 1268 1244 1279 -
1316 1244 1507 1307 quando
1530 1242 1791 1304 replebisin
1805 1259 1883 1290 me
1903 1243 1997 1291 des
1997 1244 2192 1298 derium

220 1313 555 1377 Imperfe&um
570 1329 730 1362 meum
753 1316 978 1364 viderunt
990 1315 1116 1363 oculi
1138 1313 1208 1361 tui
1258 1308 1652 1374 -lmperfefi‘tum
1663 1324 1824 1358 meum
1837 1304 2032 1361 videant
2042 1314 2167 1363 oculi
2180 1315 2262 1365 tui.

219 1380 673 1430 RESPONSIO.
897 1412 916 1420 -
1231 1409 1248 1418 -
1316 1374 1468 1438 Deest

220 1449 381 1511 quod'
370 1464 416 1495 in
431 1449 662 1496 charitate
685 1464 784 1495 non
808 1447 916 1497 fieta
1119 1471 1136 1480 -
1308 1445 1390 1494 ὃς
1380 1461 1428 1491 ιη
1449 1444 1679 1499 charitate
1702 1459 1802 1492 non
1831 1443 1954 1494 fieta.

221 1515 444 1591 Regnum
468 1515 558 1561 Dei
573 1516 692 1562 intra
706 1531 813 1565 vos·
799 1516 1006 1581 -placere
1020 1510 1156 1563 altiss
1157 1529 1277 1561 mo
1308 1513 1531 1576 Regnum
1554 1512 1644 1560 De1
1657 1513 1777 1560 intra
1790 1528 1896 1560 nos·
1899 1513 2084 1577 placere
2098 1518 2222 1567 Deo,

190 1640 193 1643 .
216 1580 428 1642 Tobias'
417 1596 465 1628 m
487 1583 664 1629 Ninive
916 1611 936 1621 -
1185 1605 1205 1614 -
1304 1549 1455 1640 Deest.

157 1655 162 1659 '
216 1648 294 1696 de·
304 1648 475 1696 merito
500 1649 671 1696 minuit
684 1647 834 1696 aliena
853 1650 1029 1698 malitia
1201 1673 1220 1682 -
1288 1649 1367 1695 de·
1370 1645 1542 1693 merito
1564 1646 1800 1693 imminuit
1823 1645 1974 1695 aliena
1997 1648 2188 1700 malitia.

217 1730 395 1763 nemo·
407 1730 485 1763 me
509 1716 625 1764 mihi
647 1717 917 1780 germanior
929 1717 996 1764 est
1179 1738 1201 1754 -
1302 1727 1546 1761 nemo-me
1568 1713 1683 1760 mihi
1702 1714 1894 1777 gravior
1926 1713 2006 1763 est.
2136 1734 2138 1737 ·

215 1784 337 1842 vino>
356 1783 483 1829 enim
507 1783 750 1829 frumento
776 1783 825 1831 &
851 1783 962 1830 oleo
1167 1811 1186 1821 —
1303 1782 1438 1837 vino,
1457 1780 1729 1837 frumento,
1755 1781 1805 1831 ὅς
1826 1780 1952 1830 oleo.

212 1862 370 1914 neque
390 1858 605 1897 creatura
627 1849 713 1897 alia
738 1857 973 1913 poterunt
994 1866 1072 1898 me
1173 1881 1193 1889 -
1291 1863 1447 1912 neque.
1472 1854 1689 1895 creatura
1707 1847 1860 1913 aliqua
1880 1856 2125 1913 poterunt.

214 1919 272 1975 ad
293 1925 481 1982 tempus
504 1917 758 1965 anathema
784 1917 808 1963 a
823 1917 1012 1966 Christo
1218 1944 1239 1954 -
1288 1918 1346 1964 ad
1368 1924 1556 1980 tempus
1582 1916 1835 1963 anathema
1869 1917 1916 1963 in
1937 1917 2143 1968 Christo,

210 1984 358 2049 ipsam
379 1985 441 2032 illi
462 1986 842 2033 committens-in
867 1985 997 2034 illurn
1021 1986 1151 2034 diem
1220 2008 1237 2019 -
1310 1983 1373 2032 illi
1396 1982 1477 2031 soli
1501 1984 1879 2031 committens-in
1901 1983 1976 2033 illa
1995 1986 2086 2034 die.

211 2051 290 2098 sed
313 2050 478 2098 mulier
499 2060 698 2116 propter
720 2054 875 2101 virum
1075 2080 1100 2089 -
1303 2051 1381 2099 sed
1402 2049 1568 2099 mulier
1589 2049 1711 2099 facta
1737 2050 1803 2097 est
1827 2059 2024 2116 propter
2047 2054 2219 2105 virum.⁴

209 2121 268 2166 ad
291 2121 473 2166 virum-
488 2119 577 2165 erit
599 2119 846 2168 conversio
868 2128 950 2170 tua
1151 2145 1170 2154 -
1280 2133 1282 2137 ’
1304 2120 1364 2166 ad
1386 2119 1649 2166 virum-erit
1673 2118 1969 2167 conversatio
1991 2127 2085 2168 tua.

210 2185 346 2244 exse
371 2185 570 2233 omnino
593 2186 707 2233 nihil
732 2189 976 2249 praesumat
1145 2212 1166 2223 -
1301 2201 1361 2233 ex
1386 2186 1430 2233 se
1453 2183 1568 2232 nihil
1587 2187 1848 2249 praesumat.

210 2251 312 2315 Ego
333 2260 492 2299 autem
506 2285 520 2307 .‚
544 2253 669 2300 bone
690 2253 832 2316 jESU
1083 2283 1102 2292 -
1304 2254 1435 2317 Euge
1459 2260 1643 2308 autem,
1668 2253 1795 2299 bone
1814 2251 1971 2315 JESU.

212 2319 309 2383 Qi
333 2320 604 2367 hominibus
628 2319 821 2384 placent
1069 2349 1090 2359 -
1309 2320 1408 2385 Qi
1428 2319 1554 2366 enim
1576 2320 1847 2366 hominibus
1873 2319 2086 2384 placent*

207 2395 350 2451 atque
371 2401 457 2451 pro
483 2387 760 2436 confusione
782 2389 874 2437 hac
1076 2411 1094 2421 -
1296 2395 1440 2450 atque
1468 2385 1741 2433 contufione
1770 2386 1878 2434 hae.
1927 2402 1932 2404 “

205 2453 433 2518 scis5quia
455 2454 664 2503 Pharisaei
983 2483 1000 2494 -
1299 2454 1420 2502 {citis
1434 2486 1448 2510 ,
1461 2455 1569 2517 qula
1587 2452 1814 2502 Pharisaei.

207 2521 393 2568 Verum
414 2519 480 2567 est
502 2529 662 2569 tamen
679 2555 693 2580 ‚
709 2523 839 2587 quod
859 2523 910 2572 in
1109 2550 1130 2560 -
1302 2521 1488 2568 Verum
1513 2519 1578 2568 est
1596 2529 1782 2578 autem,
1806 2522 1935 2585 quod
1948 2522 1998 2570 in

162 2645 167 2649 ¹
204 2587 254 2638 δε
273 2603 506 2653 apparens
530 2590 719 2636 cuidam
743 2591 875 2638 fratri
1080 2618 1098 2628 -
1320 2587 1370 2637 ὃ(
1399 2602 1632 2652 apparens
1654 2589 1840 2637 cuidam
1865 2578 2041 2637 sancto.

203 2653 405 2704 fiscalem
430 2655 660 2704 calculum
681 2657 990 2723 dispensando
1128 2686 1146 2694 -
1311 2653 1514 2702 fiscalem
1539 2655 1770 2704 calculum
1794 2656 2111 2721 disponendo.

204 2722 277 2772 Isti
300 2727 406 2773 sunt
428 2724 671 2789 giganteS,
695 2726 774 2790 qui
800 2730 996 2791 portant
1166 2751 1184 2762 -
1301 2720 1374 2771 Isti
1410 2722 1516 2770 sunt
1523 2725 1795 2801 gigante8‚
1839 2725 1898 2771 de
1914 2724 2080 2789 quibus
2115 2723 2242 2773 idem

1350 2790 1442 2854 Job
1467 2791 1561 2840 ait:
1593 2792 1809 2856 gigantes
1833 2793 1911 2856 qui
1934 2799 2145 2857 portant.

211 2872 330 2922 Sane
353 2888 537 2940 magnae
561 2874 753 2923 arbores
1002 2902 1021 2911 -
1300 2872 1538 2922 Nimirum
1559 2888 1742 2938 magnae
1767 2873 1973 2921 arbores-

203 2956 321 3022 stylo
345 2957 562 3007 recisiore
586 2972 779 3007 exarare
802 2956 1111 3007 decreveram
1210 2976 1230 2987 -
1298 2952 1400 3004 stilo
1425 2955 1643 3005 recisiore
1669 2968 1885 3006 enarrare
1916 2953 2249 3022 decreveram-2

202 3038 343 3086 Vale.
1063 3066 1081 3075 -
1291 3034 1442 3100 Deest.

65 3102 139 3152 1
150 3101 327 3168 ebais
357 3106 652 3167 uetabant>
1226 3101 1358 3159 ooo
2149 3102 2240 3169 Ep?
