2471 3463
2296 26 2363 95 ετ

223 203 288 263 64
832 206 834 208 ’
909 197 1182 255 Πτίὲυηδεκ
1213 202 1320 256 unt>
1346 201 1699 264 &nebridum
1831 216 1834 217 ⁷
2031 226 2037 231 ·
2137 206 2378 268 3.Period.

221 325 355 365 creto
379 319 473 364 duo
499 317 557 363 ad
579 317 677 363 hoc
696 316 794 381 apti
816 316 1211 376 superintendentes
1233 315 1423 382 adjungi
1445 351 1459 376 ,
1496 334 1701 383 quorum
1732 319 1931 367 sollicito
1961 321 2310 370 interveniente
2335 337 2420 381 co->

222 384 497 449 operamine
521 382 692 447 singula
716 385 974 447 prudenter
991 383 1312 446 gubernentur
1331 417 1345 442 ‚
1382 386 1430 431 in
1464 400 1666 450 quorum
1690 388 1831 434 etiam
1863 387 1912 435 &
1935 387 2133 438 aliorum
2157 389 2215 436 ad
2237 389 2332 437 hoc
2352 389 2415 436 de

219 450 492 513 hujusmodi
514 449 840 514 eligendorum
861 449 1155 497 fraternitate
1173 483 1187 507 ,
1223 452 1464 514 praeseutia
1486 486 1501 509 ,
1534 452 1651 500 infra
1674 452 1928 503 Paschae&
1951 455 2254 503 Pentecostes
2273 454 2415 511 festa,

219 517 556 565 Procuratores
580 550 594 574 ‚
635 517 811 564 semota
843 515 1052 565 ulteriori
1074 517 1391 581 protelatione
1412 552 1426 577 2
1461 520 1698 572 rationem
1731 520 1888 570 facere
1915 522 1974 569 de
2007 521 2168 572 levatis
2205 523 2254 572 ὅ(
2275 537 2418 587 expa-

220 585 339 649 gatis
364 585 666 632 tenebuntur.
1786 641 1799 645 ,
2236 630 2238 633 ,

405 652 457 711 8)
489 652 608 698 Item
629 648 825 713 quilibet
845 649 1041 696 fratrum
1066 649 1348 698 celebrando
1370 651 1549 700 missam
1567 655 1780 702 omnium
1801 654 1850 703 ὅ(
1874 652 2160 718 singulorum
2173 655 2416 720 hujusmo-

219 719 268 767 di
285 716 415 768 ditrae
437 717 740 765 fraternitatis
757 716 954 763 fratrum
976 749 991 773 ,
1025 716 1238 764 sororum
1259 750 1273 774 ‚
1310 718 1667 769 instauratorum
1693 754 1708 778 ,
1745 721 2129 776 contributorum
2150 723 2200 773 ὃ(
2226 718 2418 784 benef&

219 785 432 840 (storum,
470 786 598 848 pium
623 782 897 831 desiderium
914 783 1389 847 propensanszdivinae
1415 787 1670 845 voluntati,
1709 789 1775 835 uti
1793 789 2026 853 speratur,
2049 790 2313 855 placidum,
2333 789 2420 854 spi-

217 853 454 901 ritualium
477 848 817 898 beneficiorum
839 848 1252 908 viciffitudinibus,
1289 851 1548 916 specialiter
1570 889 1585 911 ,
1622 862 1675 902 ut
1704 856 1898 919 dignum
1922 856 1987 904 est
2006 890 2022 914 ,
2058 856 2423 921 recompensan-

221 923 284 968 do
299 953 312 977 ‚
351 920 610 966 eorundem
633 920 679 965 in
696 917 901 965 Canone
925 933 1232 965 communem
1254 920 1397 972 debet
1417 923 1591 968 habere
1604 924 1882 970 memoriam
1901 931 1998 970 tam
2011 925 2260 981 vivorum,
2280 939 2423 988 quam

217 994 519 1034 mortuorum
540 1018 554 1042 ,
585 985 845 1033 Dominum
865 985 1021 1034 Deum
1060 986 1448 1048 omnipotentem
1478 988 1715 1037 humiliter
1746 989 1794 1039 &
1817 990 2088 1056 suppliciter
2120 1007 2208 1057 pro
2241 991 2421 1039 eisdem

219 1054 538 1119 deprecandO.

403 1123 454 1182 9)
486 1121 633 1179 item,
669 1118 781 1171 licet
802 1121 902 1188 quis
916 1156 931 1180 ,
968 1120 1027 1171 de
1049 1125 1289 1188 perpetuis
1317 1125 1364 1172 in
1385 1122 1586 1173 Ecclesia
1607 1124 1673 1172 St.
1685 1124 1873 1171 Nicolai
1893 1124 2097 1179 Vicariis
2119 1141 2179 1173 ex
2195 1123 2422 1191 praemiffa

219 1194 300 1236 aut
323 1188 480 1236 futura
503 1190 861 1238 condonatione
882 1190 931 1236 in
944 1206 1120 1255 panum
1143 1190 1468 1239 distributione
1487 1193 1661 1239 habeat
1683 1190 2238 1256 participationem‚ejus
2257 1199 2445 1247 tamen·
2470 1218 2471 1236 1

217 1254 460 1303 Successor
480 1256 530 1302 in
553 1271 613 1303 eo
648 1259 908 1305 eorundem
945 1273 1120 1322 panum
1142 1257 1463 1306 distributione
1484 1274 1583 1306 non
1609 1257 1863 1322 participet
1885 1292 1898 1314 2
1932 1259 2009 1305 sed
2034 1275 2122 1323 pro
2139 1259 2424 1313 ,reddituum
2470 1263 2471 1273 ¹

217 1324 633 1386 augmentatione,
668 1325 725 1370 ad
749 1325 944 1371 eosdem
969 1324 1045 1372 sex
1065 1341 1324 1371 marcarum
1349 1325 1690 1372 Lubecenlium
1714 1326 2014 1372 denariorum
2049 1325 2275 1372 summam
2305 1326 2422 1371 dum

216 1389 508 1452 apposuerit,
546 1404 605 1436 ex
631 1397 744 1437 tunc
767 1407 855 1454 pro
883 1390 1153 1451 hujusmodi
1176 1393 1539 1439 contributionis
1577 1392 1668 1439 five
1695 1392 1833 1455 primi
1855 1395 1962 1439 anni
1982 1390 2162 1438 fluxum
2187 1391 2236 1440 δε
2257 1392 2424 1440 decur-

213 1461 337 1512 sum,
375 1470 483 1501 cum
506 1455 600 1502 aliis
614 1457 948 1520 partientibus,
968 1464 1187 1520 tempore
1208 1459 1287 1504 suo
1301 1490 1314 1513 ‚
1338 1458 1585 1505 consuetas
1606 1473 1781 1521 panum
1802 1457 1938 1504 tollat
1959 1459 2227 1522 portione&
2419 1459 2428 1467 '

418 1536 501 1596 10)
538 1535 685 1594 Item,
722 1543 1006 1602 aegrotantes
1030 1537 1080 1586 ὅ(
1098 1536 1362 1586 rationabili
1383 1539 1597 1602 corporis
1622 1535 1895 1586 necestitate
1917 1536 1993 1586 vel
2018 1539 2066 1586 in
2087 1539 2428 1588 memoriarum

214 1609 551 1667 perpetuarum
575 1619 629 1649 ac
653 1620 828 1666 panum
853 1614 932 1651 aut
954 1620 1012 1651 ex
1044 1606 1346 1668 propriorum
1368 1607 1671 1669 negotiorum
1697 1606 1906 1653 evidenti
1929 1605 2132 1654 utilitate
2153 1605 2246 1654 five
2258 1620 2425 1654 neces-

217 1669 347 1716 fitate
374 1678 507 1715 extra
532 1671 1114 1734 oppidum'Hamburgum
1134 1674 1191 1717 ad
1220 1681 1404 1718 certum
1429 1681 1645 1735 tempus,
1683 1680 1796 1736 puta
1822 1674 1879 1718 ad
1904 1688 2067 1729 unum,
2082 1674 2201 1719 duos
2224 1671 2302 1720 vel
2323 1680 2420 1720 tres

215 1736 399 1783 menies
423 1735 642 1784 inclusive
666 1736 917 1784 existentes
942 1771 955 1793 ,
992 1739 1256 1784 dummodo
1278 1738 1613 1785 Procuratores
1638 1739 1780 1802 priori
1810 1740 1885 1785 die
1907 1748 2017 1787 ante
2042 1737 2420 1786 distributionem

214 1819 390 1867 panum
415 1802 612 1864 desuper
630 1802 805 1850 fuerint
825 1804 980 1851 avisati
1004 1819 1112 1850 cum
1135 1803 1438 1851 residentibus
1461 1820 1515 1851 ac
1538 1803 1837 1869 praesentibus
1860 1839 1875 1861 ,
1913 1815 2134 1870 tempore
2159 1807 2425 1869 deputato,

214 1884 300 1933 per
323 1870 367 1916 se
387 1868 464 1916 vel
483 1882 649 1915 eorum
673 1869 1013 1918 Procuratores
1028 1904 1043 1927 ,
1083 1872 1259 1934 panum
1283 1871 1467 1918 solitam
1491 1871 1660 1919 tollant
1684 1874 1989 1936 portionem:
2023 1869 2260 1919 Proficisci
2278 1873 2425 1935 igitut

214 1936 276 1983 ad
298 1943 454 1999 partes
478 1943 661 1983 exteras
686 1939 832 1984 modo
863 1946 1050 1985 narrato
1074 1937 1316 1995 volentes,
1350 1939 1444 1985 hoc
1467 1941 1754 1986 tenebuntur
1789 1947 2008 2004 tempore
2030 1938 2426 1988 procuratoribus

214 2003 449 2059 intimare,
471 2003 668 2050 eosdem
692 2005 833 2051 etiam
860 2006 917 2050 de
942 2019 1106 2051 eorum
1128 2005 1341 2062 reversu,
1379 2014 1599 2070 tempore
1621 2007 1783 2053 debito
1810 2006 1902 2054 fine
1923 2007 2085 2054 fraude
2114 2003 2390 2053 certificare.

421 2084 438 2115 Ι
458 2070 503 2128 1)
537 2070 658 2116 Item
677 2070 873 2133 quilibet
897 2072 1093 2117 fratrum
1115 2070 1448 2134 praemistorum
1474 2075 1688 2120 fraternae
1711 2074 1949 2121 charitatis
1965 2073 2346 2126 commonitione
2369 2072 2421 2121 in
2464 2114 2466 2120 ,

212 2137 409 2183 domino
436 2137 716 2183 exhortatur
738 2171 751 2193 ‚
789 2140 847 2184 de
872 2139 1006 2185 bonis
1030 2171 1045 2193 ,
1083 2138 1160 2184 libi
1183 2140 1208 2183 a
1229 2140 1332 2185 Deo
1355 2140 1429 2202 pie
1457 2139 1637 2188 collatis
1668 2155 1755 2203 pro
1782 2143 2044 2188 eorundem
2073 2138 2309 2187 redituum
2338 2154 2423 2185 aus-
2462 2200 2464 2206 Ι

213 2203 542 2266 gmentatione
566 2203 615 2250 in
637 2203 718 2252 suo
743 2203 1026 2252 testamento
1052 2204 1252 2269 aliquam
1271 2208 1481 2270 pecuniae
1508 2206 1734 2254 summam
1757 2216 1837 2255 aut
1862 2207 2084 2272 singulare
2106 2221 2274 2254 munus
2290 2204 2320 2252 fi
2338 2205 2425 2253 ha-
2462 2231 2464 2247 ;

217 2271 368 2317 buerit
389 2270 607 2318 fratribus
627 2267 852 2334 affignare
874 2271 990 2319 velit
1024 2272 1071 2321 ὅ(
1099 2273 1331 2319 conferre.
1420 2275 1494 2320 De
1519 2276 1716 2338 panibus
1750 2278 1891 2320 ctiam
1912 2272 2184 2337 hujusmodi
2205 2273 2422 2322 iibida‘tis
2461 2281 2464 2298 ¹

216 2336 436 2384 &modo
462 2335 694 2400 praemiffo
723 2336 907 2385 collatis
937 2339 984 2385 in
1016 2339 1337 2386 misericordiae
1370 2342 1499 2402 pium
1537 2355 1656 2403 opus
1679 2373 1693 2395 ‚
1738 2340 2071 2387 eleemosinam
2108 2339 2421 2403 eleemosynis

141 2406 144 2407 ’
216 2401 575 2465 multiplicando
597 2405 812 2451 manibus
837 2419 1098 2469 pauperum
1119 2406 1436 2467 impartiatur,
1474 2407 1500 2451 a
1522 2407 1730 2452 Domino
1755 2407 1886 2461 DeO,
1925 2409 2003 2469 qui
2026 2407 2239 2454 omniurn
2264 2408 2422 2454 bono-

217 2485 321 2515 rum
345 2467 410 2514 est
430 2469 687 2516 retributor
708 2472 757 2520 &
780 2480 1108 2520 remunerator
1131 2474 1401 2519 mercedem
1423 2488 1521 2519 non
1545 2474 1780 2521 modicam
1800 2473 1989 2520 indubie
2010 2474 2179 2522 exinde
2201 2482 2424 2540 receptu-
2458 2483 2459 2486 ’

216 2550 294 2582 rus
318 2534 367 2584 ὅ(
387 2534 645 2583 habiturus.
2456 2567 2460 2599 i

426 2602 509 2661 12)
546 2601 666 2650 Item
688 2600 793 2666 post
817 2603 1058 2653 Michaelis
1081 2605 1367 2670 Archangeli
1389 2605 1572 2670 legatur
1590 2605 1717 2655 missa
1740 2621 1823 2671 per
1849 2621 2015 2654 omnes
2036 2606 2086 2654 <Sc
2109 2605 2308 2672 singulos
2329 2579 2465 2667 frae-

219 2673 315 2716 tres
331 2702 345 2725 ‚
380 2668 432 2716 in
444 2668 663 2716 datorum
679 2683 852 2732 panum
871 2687 958 2734 pro
973 2671 1203 2721 defunffis
1227 2673 1275 2720 in
1290 2674 1502 2720 omnium
1526 2674 1747 2730 fratrum,
1779 2674 2015 2728 sororum,
2052 2672 2418 2723 instauratorum

220 2735 270 2783 ὅ(
293 2733 654 2783 benefactorum
675 2735 886 2798 requiem
909 2769 922 2792 ,
960 2755 1129 2802 pacem
1160 2740 1209 2788 &
1244 2740 1536 2804 refrigerium
1569 2742 1827 2788 animarum
1858 2740 1906 2786 in
1930 2738 2119 2786 Christo
2152 2743 2228 2806 pie
2251 2741 2420 2789 defun·
2452 2748 2464 2811 3

219 2800 435 2858 &orum‚
472 2802 531 2849 de
556 2804 693 2849 beata
713 2803 861 2849 Maria
881 2804 1060 2867 virgine
1085 2806 1379 2871 suffragando
1402 2839 1416 2863 ,
1455 2807 1611 2871 potest
1649 2815 1806 2856 tamen
1837 2806 1986 2869 quivis
2020 2805 2292 2869 hujusmodi
2325 2807 2425 2855 fra-.
2454 2850 2458 2870 ἕ

217 2869 450 2915 ternitatis
491 2868 684 2916 consors
723 2867 931 2931 legitime
975 2874 1254 2936 praepeditus
1275 2871 1452 2921 miffam
1477 2874 1761 2938 praelibatarn
1783 2871 1915 2920 alteri
1937 2876 2237 2922 committere
2269 2874 2328 2921 ad
2349 2872 2414 2921 le·
2451 2886 2454 2900 ¹

218 2935 454 2998 gendum,
475 2937 768 2992 devotione,
798 2951 890 2999 qua
914 2934 1012 2982 fieri
1034 2939 1213 3000 potest,
1249 2940 1501 2989 humiliori.
1962 2964 1964 2966 ’

352 3063 359 3069 α
424 3002 507 3063 13)
540 3003 771 3064 Praeterea
792 3017 902 3050 curn
923 3017 981 3050 ex
1002 3005 1261 3058 devotione
1283 3006 1488 3055 fideiium
1510 3006 1720 3071 anquam*
1734 3005 1947 3070 pecuniae
1976 3005 2202 3056 summam
2224 3021 2314 3072 pro
2338 3019 2419 3054 au·
2460 3008 2461 3011 ’

217 3069 731 3139 ἓωεηίοςεηίῑωηιά
757 3067 1292 3136 redituumzhujusmodi
1321 3073 1633 3128 fraternitatis
1646 3074 1811 3126 donari
1834 3076 2116 3141 contigerit,
2147 3073 2419 3189 nondibet:
2450 3094 2452 3123 ς

2192 3170 2195 3171 ⁷
2345 3154 2425 3188 πο

2062 598 2073 610 0
