2471 3463
213 154 305 203 190
946 134 1218 190 [Ῑτέιιηδεη
1231 136 1335 190 nub
1349 133 1703 195 machamim
2128 156 2171 204 3·
2188 139 2379 196 Period.

2244 255 2249 256 ⁷
2280 227 2410 251 ‘'¹¹¹¹‘-

553 302 563 303 κ
1077 281 1142 321 De
1172 273 1538 339 Qadragefima.
2067 331 2070 332 ⁷
2400 269 2433 341 J·-

379 356 907 425 QVADRAGESIMA
934 357 1102 421 incipit
1126 356 1153 403 a
1174 355 1425 405 Dominica
1450 372 1543 422 qua
1574 365 1805 409 cantatur.
1891 362 2126 412 Invocaevitt
2152 377 2233 410 me.
2322 360 2390 417 U³

206 423 410 474 Ecclesia
434 442 536 491 quae
561 434 637 474 tot
660 424 1037 474 tribulationibus
1060 423 1218 488 'preffa
1238 448 1270 480 ,>
1290 423 1592 474 clamaverat.
1676 429 2056 476 Circumdederunt
2095 446 2166 476 me
2197 429 2290 480 &c.
2352 363 2442 500 ἓὲἶ

205 492 509 559 postmodum
539 495 842 558 respiraverat
865 494 1102 538 invocando
1128 498 1281 541 Deum.
1351 498 1522 555 Exurge
1545 493 1595 539 Εἴ
1609 495 1810 552 Estomihi
1830 498 1875 542 in
1895 502 2034 544 Deum
2055 487 2464 563 protesskorium'assy-

204 564 350 610 Nunc
375 561 579 609 ostendit
606 563 650 608 le
674 561 941 608 exauditam
963 561 1090 607 dicit.
1157 563 1388 607 Invocavit
1412 578 1491 610 me.
1592 562 1872 611 Notandum
1904 572 2066 613 autem
2098 566 2229 630 quod
2252 565 2414 630 QVA,

202 628 584 677 DRAGESIMA
617 631 835 676 continet
903 628 1048 675 XLII.
1083 628 1179 676 dies
1212 630 1500 694 computatis
1522 629 1683 677 diebus
1708 631 1957 679 dominicis
1981 646 2089 704 ‚fx
2111 632 2278 696 quibus
2302 619 2454 696 dunfi-

204 696 291 744 VI.
317 698 415 745 dies
437 696 744 745 dominicales
767 696 1099 744 subtrahuntur
1121 705 1384 745 remanent.
1421 712 1600 751 xxxvl.
1625 698 1722 746 dies
1745 700 1793 746 in
1817 697 2096 747 abstinentia
2117 700 2198 764 qui
2220 698 2324 747 sunt
2335 683 2449 767 desf'}

205 765 328 812 eima
350 765 496 812 totius
519 767 642 813 anni.
740 766 909 811 Annus
940 765 1068 812 enim
1099 763 1247 813 habet
1280 767 1389 826 365.
1412 766 1508 813 dies
1531 798 1546 822 ‚
1582 780 1787 830 quorum
1811 766 1999 814 ‘decima
2018 766 2164 814 totius
2186 765 2296 814 anni
2312 762 2459 830 sunt&

202 846 383 880 xxxvi.
454 832 545 879 Sed
569 839 772 895 quatuor
796 832 894 879 dies
918 832 1243 896 praecedentes
1264 833 1526 890 adduntur,
1562 842 1616 880 ut
1638 832 1763 880 sacer
1785 849 2008 881 numerus
2025 833 2118 881 XL
2139 834 2321 881 dierum
2332 832 2459 891 imssfgig

200 899 414 965 pleatur‚
451 914 590 964 quem
614 899 828 946 Salvator
848 899 926 947 suo
949 896 1130 962 jejunio
1156 899 1463 949 consecravit.
1534 901 1696 964 Quare
1716 909 1875 949 autem
1899 901 1946 948 in
1968 901 2065 949 hoc
2089 906 2288 948 numero
2304 915 2418 965 qua·
2430 890 2459 926 ‘⁴‘

202 967 479 1032 dragenario
496 964 677 1029 jejunia
698 966 1000 1016 observamus
1023 1000 1037 1024 ,
1075 965 1227 1015 taliter
1248 967 1483 1031 responfio
1507 966 1722 1033 assignari
1753 967 1925 1033 potest.
2014 968 2169 1016 Prima
2188 966 2254 1016 est
2274 974 2328 1015 ut
2347 968 2444 1015 di:

203 1036 269 1084 cit
297 1034 712 1082 AUGUSTINUS
741 1052 754 1081 z
804 1035 1230 1101 Qemadmodum
1266 1036 1519 1084 Matthaeus
1544 1037 1854 1101 quadraginta
1888 1036 2222 1100 generationes
2244 1033 2421 1100 posuit„

201 1103 281 1151 Ad
307 1103 403 1150 hoc
426 1102 567 1165 igitur
586 1102 819 1149 Dominus
843 1099 902 1149 ad
924 1117 1011 1149 nos
1037 1101 1117 1149 suo
1140 1103 1510 1168 quadragenario
1533 1119 1734 1152 numero
1761 1103 2027 1161 descendit,
2048 1111 2100 1151 ut
2119 1117 2208 1151 nos
2230 1103 2288 1150 ad
2301 1107 2444 1150 eum'·

203 1170 575 1234 quadragenario
590 1184 788 1216 numero
803 1169 1121 1222 ascendamus,
1156 1170 1312 1218 Aliam
1329 1170 1522 1234 affignat
1538 1172 1665 1219 idem
1683 1173 1843 1220 dicens
1860 1172 2042 1220 :adhoc
2058 1204 2073 1228 ‚
2088 1177 2142 1218 ut
2152 1169 2416 1218 habeamus
2444 1218 2445 1221 ,

203 1237 656 1302 quinquagenarium
673 1270 687 1293 ‚
725 1238 1096 1300 quadragenario
1120 1239 1360 1285 addendus
1384 1237 1450 1285 est
1471 1239 1684 1286 denarius
1706 1272 1720 1296 ,
1762 1239 1870 1303 quia
1899 1239 2055 1286 adhoc
2084 1245 2136 1285 ut
2166 1237 2443 1303 veniamusjj,

203 1305 261 1351 ad
287 1305 475 1351 beatam
496 1306 733 1369 requiem,
770 1311 966 1367 oportet
987 1319 1076 1350 nos
1101 1313 1208 1351 toto
1235 1305 1468 1368 praesentis
1491 1313 1709 1369 tempore
1732 1307 1841 1353 vitae
1863 1306 2091 1354 laborare.
2190 1304 2331 1352 Unde
2363 1304 2414 1354 ὅ(

200 1371 434 1419 Dominus
459 1370 564 1434 post
595 1369 987 1418 resurrefflonem
1018 1372 1322 1432 quadraginta
1355 1373 1517 1419 diebus
1546 1387 1655 1420 cum
1680 1371 1912 1436 discipulis
1943 1372 2108 1419 manlit
2129 1404 2144 1428 ,
2175 1372 2226 1421 ,ὃς
2250 1370 2444 1435 ροῐὶεειμχ

201 1447 417 1488 extrema
439 1439 513 1486 die
536 1437 757 1503 Spiritum
781 1436 990 1486 sasseium
1010 1439 1074 1485 eis
1097 1438 1228 1486 mis1t.
1296 1439 1509 1487 Tertiam
1541 1437 1738 1504 assignat
1756 1438 2085 1488 MAGISTER
2116 1436 2441 1489 PRAEPOSI-'·

201 1505 398 1561 TIVUS
433 1507 478 1552 in
492 1507 663 1566 summa
683 1505 734 1552 de
756 1504 883 1564 officio
913 1508 1009 1552 Dei.
1106 1508 1314 1555 Mundus
1347 1507 1395 1554 in
1418 1514 1623 1571 quatuor
1648 1514 1803 1572 partes
1827 1540 1843 1564 ,
1887 1507 1936 1556 &
1957 1521 2105 1556 annus
2139 1506 2187 1554 in
2209 1511 2438 1571 quatuor&

200 1579 423 1638 tempora
446 1573 692 1630 dividitur,
725 1574 774 1624 ὅς
794 1574 943 1622 homo
967 1588 1024 1621 ex
1045 1582 1249 1637 quatuor
1271 1573 1518 1622 elementis
1533 1607 1546 1630 ,
1582 1574 1630 1623 ὅ(
1655 1582 1858 1640 quatuor
1871 1573 2283 1638 complexionibus
2298 1588 2418 1620 con-

200 1639 404 1688 stituitur
426 1675 440 1697 ‚
489 1641 538 1690 δε
560 1655 647 1688 nos
672 1657 848 1689 novam
872 1641 1028 1706 legem
1055 1675 1070 1697 ,
1128 1657 1228 1705 quae
1262 1643 1310 1688 in
1333 1649 1536 1705 quatuor
1557 1641 1820 1706 Evangeliis
1849 1640 2086 1699 confiflst’,
2124 1642 2172 1691 ὅ(
2195 1644 2421 1690 veterem

203 1723 307 1773 quae
329 1708 378 1755 in
402 1709 570 1755 decem
592 1710 823 1756 mandatis
844 1708 908 1756 est
931 1705 1195 1772 transgressi
1219 1709 1384 1756 sumus.
1457 1710 1604 1773 Qod
1637 1710 1776 1773 igitur
1799 1718 1849 1756 ut
1875 1710 2090 1757 denarius
2122 1724 2207 1774 per
2231 1715 2416 1772 quater-

202 1775 385 1824 narium
407 1773 749 1850 multiplicetur
766 1783 819 1823 ut
849 1775 878 1823 fi
900 1775 1007 1823 XL.
1032 1776 1256 1822 faciamus
1279 1775 1327 1823 ὃς
1348 1777 1569 1822 mandata
1590 1777 1765 1822 veteris
1793 1776 1842 1824 ὅ(
1866 1791 2004 1824 novae
2028 1774 2142 1840 legis
2166 1783 2275 1823 toto
2298 1782 2416 1822 tem-

201 1857 324 1908 pore
345 1843 452 1892 vitae
476 1841 1147 1908 hujusimpleamusmonlistit
1170 1844 1360 1907 quidem
1384 1858 1554 1907 corpus
1578 1841 1786 1890 nostrum
1809 1842 1923 1890 ficut
1947 1843 2147 1891 diximus
2171 1857 2231 1890 ex
2253 1834 2434 1906 quatu-[-

185 1927 262 1969 flor
286 1909 533 1959 elementis
556 1944 570 1968 ‚
629 1926 731 1975 quae
755 1910 804 1960 ὅ(
825 1911 1131 1976 quadraginta
1163 1918 1368 1975 quatuor
1391 1910 1518 1957 sedes
1554 1911 1601 1956 in
1627 1911 1761 1958 nobis
1784 1910 1977 1958 habent.
2079 1911 2208 1958 Nam
2228 1909 2347 1973 ignis
2367 1910 2417 1969 in
2431 1952 2443 1978 ,4

205 1977 382 2035 oculis,
421 1993 499 2025 aer
520 1978 566 2025 in
589 1977 749 2042 lingua
768 1979 816 2027 &
838 1979 1050 2034 auribus,
1086 1994 1206 2040 aqua
1227 1980 1271 2024 in
1286 1977 1567 2040 genitalibus
1582 2011 1595 2034 ,
1633 1986 1756 2024 terra
1775 1978 2053 2025 inmanibus
2078 1977 2127 2026 ὅ(
2147 1976 2243 2026 aliis
2268 1970 2443 2024 mern-'⁶⁴

202 2046 295 2093 bris
316 2046 599 2094 dominatur.
633 2046 684 2092 In
700 2046 847 2093 oculis
872 2061 986 2109 ergo
1009 2045 1261 2102 curiositas,
1276 2046 1322 2092 in
1344 2044 1502 2107 lingua
1524 2045 1572 2094 ὅ(
1600 2047 1783 2093 auribus
1808 2044 2055 2093 scurrilitas
2076 2077 2090 2101 ‚
2130 2046 2178 2092 in
2200 2042 2412 2109 genitali-

203 2114 289 2162 bus
303 2111 549 2177 voluptas,
585 2114 631 2161 in
656 2113 870 2161 manibus
893 2112 940 2162 ὅ(
963 2112 1058 2160 aliis
1080 2113 1302 2160 membris
1326 2111 1599 2160 crudelitas.
1637 2113 1737 2159 haec
1761 2119 1965 2176 quatuor
1990 2111 2249 2160 confitetur
2261 2109 2427 2181 Publi-3

204 2196 349 2230 canus
374 2181 481 2245 quia
502 2180 529 2228 a
548 2179 694 2246 longe
716 2179 803 2228 stat
821 2214 836 2238 ,
881 2178 1138 2228 confitetur
1159 2179 1394 2227 luxuriam
1411 2194 1511 2244 quae
1526 2178 1694 2227 foetida
1717 2179 1783 2227 est
1807 2212 1823 2236 ,
1868 2180 1975 2244 quia
2003 2180 2119 2229 dicit
2141 2195 2241 2227 non
2261 2179 2426 2240 audeo¹

206 2250 592 2314 appropinquare
615 2249 823 2296 Domine
846 2263 906 2297 ne
930 2249 979 2296 in
999 2248 1187 2296 naribus
1210 2248 1300 2295 tuis
1326 2247 1524 2295 foeteam
1548 2280 1562 2304 ‚
1600 2247 1729 2312 quod
1749 2262 1849 2294 non
1873 2248 2017 2295 audet
2043 2245 2211 2295 oculos
2237 2246 2296 2293 ad
2318 2260 2440 2311 coeq.

204 2314 305 2362 lum
330 2315 486 2364 levare
508 2314 765 2364 confitetur
786 2315 1104 2364 curiositatem
1124 2348 1139 2372 ,
1187 2315 1317 2380 quod
1339 2330 1481 2362 manu
1504 2316 1711 2378 percutit
1735 2313 1901 2378 pestus
1937 2312 2195 2362 confitetur
2221 2311 2417 2360 crudeli-

206 2389 383 2438 tatem,
423 2385 551 2447 quod
575 2385 712 2431 dicit:
751 2385 980 2448 propitius
1004 2382 1102 2430 esto
1127 2383 1242 2430 mihi
1267 2383 1510 2446 peccatori
1534 2416 1548 2439 ,
1585 2382 1906 2429 scurrilitatem
1930 2415 1944 2438 .,
1982 2397 2091 2428 nam
2116 2381 2280 2428 scurrae
2302 2394 2416 2427 con-

209 2449 461 2499 sueverunt
480 2452 639 2498 vocari
659 2459 939 2514 peccatores
973 2451 1051 2499 vel
1081 2451 1243 2514 potius
1265 2450 1552 2497 Leccatores
1587 2450 1688 2496 haec
1712 2448 2053 2513 Praepositivus.
2155 2446 2438 2512 Gregorius-

211 2530 405 2582 quoque
429 2517 478 2564 in
497 2517 708 2564 Homilia
733 2526 828 2565 tres
854 2520 993 2584 ponit
1016 2520 1223 2566 rationes
1245 2515 1353 2565 dieii
1379 2550 1394 2573 ‚
1429 2531 1512 2563 cur
1544 2518 1592 2563 in
1617 2514 1893 2564 abstinentia
1918 2517 2312 2581 quadragenarius
2334 2528 2418 2560 nu-

210 2598 369 2633 merus
392 2581 649 2631 custoditur
672 2617 688 2641 ,
721 2599 896 2650 nempe
927 2587 1032 2650 quia
1055 2592 1215 2633 uterus
1247 2583 1463 2649 decalogi
1485 2598 1569 2649 per
1591 2582 1735 2631 libros
1769 2590 1971 2648 quatuor
2000 2581 2141 2630 sanffi
2174 2579 2441 2644 Evangelii»

208 2651 277 2701 im
314 2651 449 2699 letur.
520 2649 574 2697 In
599 2650 694 2698 hoc
717 2653 860 2699 etiam
879 2652 1066 2700 mortali
1089 2667 1293 2717 corpore
1316 2667 1376 2699 ex
1399 2660 1603 2715 quatuor
1631 2650 1877 2698 elementis
1899 2647 2186 2697 consistimus
2207 2681 2223 2706 a
2259 2646 2310 2698 ὅ(
2329 2655 2426 2713 per·

210 2735 280 2769 vo
300 2725 517 2783 uptatem
541 2716 753 2781 ejusdem
779 2720 991 2782 corporis
1014 2747 1028 2777 ,-
1066 2720 1314 2785 praeceptis
1335 2719 1586 2767 dominicis
1608 2718 1947 2766 contrahimus.
2020 2716 2146 2781 Qia
2169 2716 2310 2780 igitur
2331 2717 2418 2780 per

215 2788 368 2835 carnis
391 2784 614 2833 desideria
637 2783 852 2848 decalogi
872 2789 1092 2834 mandata
1114 2785 1483 2852 contempsimus
1506 2819 1521 2843 ‚
1579 2788 1772 2850 dignum
1807 2782 1872 2830 est
1904 2791 1958 2830 ut
1987 2784 2191 2831 eandem
2223 2795 2416 2830 carnem

217 2860 422 2919 quatuor
457 2853 555 2900 dies
591 2852 850 2916 affligamus
878 2884 892 2908 ,
946 2850 973 2898 a
999 2855 1211 2916 praesenti
1237 2869 1430 2919 quoque
1459 2854 1537 2900 die
1559 2867 1706 2916 usque
1729 2851 1787 2898 ad
1809 2849 1985 2898 Pascha
2007 2851 2090 2899 VI.
2114 2849 2417 2898 hebdomade

217 2915 2466 2983 inXLstdoeswmmm‚eqfflmssdmnVLffloedmmmddeaffimfflfflamMmmmmny

217 3001 396 3040 xxxvx.
432 2988 481 3038 in
502 2985 777 3037 abstinentia
799 2993 1062 3050 remanent.
1130 2986 1259 3039 Cum
1292 3003 1410 3040 vero
1442 3003 1528 3056 per
1559 2988 1667 3051 365.
1692 2985 1792 3037 dies
1821 3001 1966 3037 annus
1987 2986 2157 3041 dicitur
2176 2985 2284 3051 quia
2305 2972 2425 3031 annii
2459 2985 2471 3031 ι’·

2272 3064 2419 3116 nostri

1470 3230 1530 3288 d·
