2471 3463
8 222 10 225 -
105 188 275 251 2.Cap.
290 177 698 245 stebenbeffieosage

936 177 1042 229 {von
1061 173 1129 222 st.
1138 170 1268 221 Petri
1289 169 1497 230 Άίτὼε.
2139 176 2241 228 437

55 253 2237 284 ...-.-----—-—-—-—--———--—-————--———-—----·-—-

464 293 580 342 Bibl.
604 292 730 340 Patr.
751 292 902 356 Lugd

208 363 544 412 descendunt.
586 361 895 409 Horrendum
908 357 974 407 est
987 337 1263 408 incidere.-

104 461 106 465 ν
147 444 150 447 ’
206 432 256 478 in
279 444 446 477 manus
468 429 560 475 Dei
582 428 786 477 viventis

35 501 119 567 Ep.
131 499 267 547 XXI.
291 497 384 572 qui.
402 495 607 560 pluribus
631 495 750 543 caus
753 510 774 542 s

14 582 18 587 ’
205 580 296 612 nec
324 564 561 611 minorem
580 563 817 611 vesaniam
844 559 1030 609 censeo.

205 641 259 679 ut
291 631 561 694 tyrannicas
585 630 874 679 exactiones.

206 697 345 747 facile
367 699 701 745 excanonicari
725 694 854 760 posse

205 767 260 812 In
275 780 333 811 eo
348 765 472 811 enim
489 763 553 811 est
565 762 800 811 correfitio
832 786 850 794 -
880 785 897 795 -
933 757 1123 809 stultitia
1137 755 1275 823 ejus-

207 832 328 895 suaeq
332 847 391 878 ue
424 831 652 879 miseriam
668 829 956 877 conditionis

206 898 448 976 pulmonis
468 896 666 946 vesicula
695 896 971 968 deponatur

34 966 117 1033 Ep.
131 967 289 1015 XXII.
302 966 481 1029 virgam
507 970 817 1029 peccatorum
839 965 1038 1029 desuper
1051 964 1142 1012 sor-

134 1057 156 1063 ..
203 1041 302 1082 tem
325 1031 516 1081 istorum

205 1099 510 1164 personarum
532 1098 795 1162 acceptio,
833 1106 914 1147 aut
936 1064 1144 1148 delestus
1212 1122 1227 1134 -

202 1168 297 1216 Pro
320 1166 528 1230 patribus
558 1166 724 1213 nostris
748 1174 885 1216 natus
913 1166 978 1215 est

205 1232 268 1280 fi·
257 1249 304 1281 in
336 1233 633 1280 exhibitione
651 1231 841 1296 justitiae

203 1299 467 1381 Qiodleve
503 1324 520 1332 -
557 1324 573 1334 -
607 1307 831 1377 operatur
854 1301 1063 1349 innobis.

1554 287 1674 334 MSt.
1696 285 1821 333 Petr.
1842 285 2015 332 Hamb.

1299 354 1604 404 descendunt.
1653 350 1854 417 Reliqua
1875 347 2053 414 destant.

1290 492 1376 555 Ep.
1391 487 1676 538 CXXXIV.
1691 501 1749 534 ex
1762 484 1968 550 pluribus
1990 484 2148 535 caufis.

1295 572 1387 604 nec
1405 556 1634 619 majorem
1652 554 1884 602 vesaniam
1907 556 2095 603 censeo.

1252 633 1346 676 aut
1371 626 1636 687 tyrannicas
1660 619 1918 687 paffiones.

1229 713 1246 722 ··
1293 693 1429 739 facile
1451 690 1722 738 canonicari
1742 686 1886 754 posse.

1295 756 1481 821 Desunt
1500 755 1602 805 haec.

1293 827 1476 891 suaeque
1495 825 1685 873 miseriae
1706 823 2036 872 conditionem

1295 893 1536 957 pulmonis
1559 892 1759 940 vesicula
1782 893 2097 955 deponantur.

1211 987 1230 997 -
1295 963 1378 1027 Ep
1392 961 1656 1009 CXXXV.
1688 960 1869 1024 virgam
1894 965 2218 1021 peccatorum.

1294 1094 1599 1165 personarum
1614 1095 1834 1160 acceptio
1849 1124 1862 1149 ,
1874 1101 1953 1142 aut
1965 1093 2232 1143 deletiatio·

1292 1165 1384 1213 Pro
1409 1162 1628 1212 fratribus
1651 1164 1816 1212 nostris
1831 1171 1967 1210 natus
1990 1160 2070 1209 est.

1295 1230 1361 1278 si
1313 1247 1398 1279 iin
1422 1233 1710 1280 executione
1731 1228 1933 1294 justitiae.

1093 1263 1112 1273 ’
1195 1332 1214 1342 -
1286 1296 1489 1362 Desunt

204 1369 264 1414 Et
288 1368 389 1431 quis
412 1382 438 1413 a
459 1368 706 1431 primitivis
731 1368 941 1418 Ecclesiae
974 1368 1214 1416 cunabulis
1247 1396 1263 1405 -
1295 1367 1354 1414 Et
1377 1368 1476 1430 quis
1504 1366 1712 1441 aprimis·
1714 1362 1931 1413 cunabuli
1934 1379 1969 1412 5.

205 1442 260 1480 ut
280 1437 468 1480 tederet
489 1449 578 1480 nos
600 1435 768 1482 vivere

203 1499 282 1548 vel
311 1499 578 1563 Anglorum
599 1501 723 1563 Regi

206 1567 385 1614 exitum
408 1563 547 1629 hujus
572 1581 771 1630 pugnae:

210 1633 260 1683 ὃς
284 1632 557 1680 constantiae
581 1634 687 1680 casu

197 1699 291 1749 sola
301 1698 660 1764 :perseverantia
684 1705 942 1748 coronatur

203 1768 328 1814 Nam
353 1781 460 1814 cum
484 1766 651 1812 aliud·
687 1767 868 1812 -Bene
902 1765 1072 1814 valete.

33 1833 117 1897 Ep.
132 1833 305 1884 ΧΧΙΙΙ.
328 1832 378 1881 ὃς
402 1832 623 1895 audacius
646 1830 916 1880 melioribus
939 1830 1143 1883 anteesse
1211 1857 1230 1869 -

270 1897 547 1963 praesumit

204 1966 253 2016 ὃ(
279 1964 403 2030 quasi
425 1981 484 2014 aes
512 1965 681 2015 sonans

203 2033 361 2093 stltum
383 2032 585 2098 positum
608 2035 657 2081 in
663 2033 910 2148 digRitate
942 2033 1123 2149 sufblirni
1188 2064 1207 2076 -

785 2117 962 2176 ragem
1004 2104 1098 2151 ecit

106 2110 108 2113 “
140 2103 306 2164 “⁷'quae
329 2099 542 2148 Samsoni
611 2124 630 2133 -

110 2192 112 2195 v
188 2165 386 2214 -Praelati
407 2167 473 2212 est
493 2168 677 2214 erudire
702 2166 797 2230 subj
803 2167 935 2216 cetos

170 2236 172 2238 ’
205 2233 264 2280 fic
288 2233 540 2280 sacerdos:
578 2232 694 2280 scut

207 2300 601 2363 dispensationem
627 2300 1026 2352 sacramentorum
1049 2302 1140 2351 Dei
1209 2333 1227 2344 ·

203 2368 283 2430 qui
304 2366 448 2414 hodie
485 2367 661 2415 invitus
683 2370 887 2417 trahitur

148 2489 150 2492 Ι
200 2433 472 2481 Patriarcha
493 2433 702 2482 censeret
725 2436 854 2483 hunc

205 2503 274 2547 ut
280 2501 466 2556 veniat,
503 2503 632 2565 quod
653 2501 824 2567 legitur

202 2583 251 2615 vi
239 2567 312 2614 tae
334 2566 521 2615 caelestis
545 2540 769 2617 alimenta
792 2569 1036 2634 petebant.

202 2633 249 2681 se
271 2634 453 2681 hodie*
442 2651 491 2681 m
515 2635 648 2683 vobis
669 2635 924 2700 suscepisse.

15 2698 115 2778 Ep.
127 2699 314 2748 XXIV.
337 2702 492 2749 reddit
511 2716 589 2748 me
609 2699 855 2751 necessitas

201 2767 314 2816 nisi
270 2769 517 2816 linimicus
537 2769 688 2817 homo
712 2765 976 2835 impedisset

199 2835 245 2907 se
267 2834 402 2898 ipsius
421 2837 619 2915 pedibus
640 2838 879 2887 humiliter
901 2835 1069 2886 advol-

282 2899 418 2950 visset

204 2968 283 3019 Ad
305 2967 400 3020 huc
463 2996 485 3012 e
553 2971 655 3024 -&
677 2970 1037 3024 conversionem
1070 2970 1254 3038 ipsius
1290 2974 1367 3021 Ad
1390 2972 1536 3024 hoe.

1284 3041 1435 3105 ipsius.

1112 3102 1213 3171 iiii
1253 3120 1273 3170 3

1246 1474 1249 1476 .
1290 1442 1342 1480 ut
1366 1436 1536 1480 taedeat
1559 1449 1645 1480 nos
1669 1433 1846 1480 vivere.

1290 1500 1419 1564 quod
1441 1500 1518 1548 vel
1540 1500 1807 1574 Anglorum
1830 1497 1967 1561 Regi.

1252 1583 1257 1592 ¹
1293 1570 1471 1616 exitum
1494 1582 1662 1632 pugnae
1683 1563 1820 1630 hujus
1843 1568 1966 1615 vitae.

1296 1634 1346 1685 ὅ(
1367 1633 1637 1683 constantiae
1658 1633 1814 1681 status.

1294 1701 1389 1748 sola
1412 1700 1758 1765 perseverantia
1781 1697 2100 1748 coronabitur.

1211 1796 1229 1806 -
1298 1765 1496 1831 Drssimt.

1296 1836 1497 1901 Ep.X11.
1522 1833 1571 1884 ὅ(
1591 1834 1811 1883 audacius
1842 1830 2087 1900 praesumit.

1294 1971 1344 2023 ὃς
1369 1974 1478 2038 quia
1499 1988 1558 2023 aes
1584 1973 1766 2022 sonans.

1288 2040 1478 2089 stultum
1503 2041 1741 2106 positum
1729 2057 1778 2089 m
1807 2040 1999 2089 sublimi.

1292 2125 1382 2174 qua
1404 2109 1596 2157 Samson
1630 2139 1645 2147 -
1680 2107 1932 2171 -stragem
1958 2106 2073 2154 fecit

1291 2179 1448 2225 Amici
1469 2176 1649 2225 Praelati
1668 2174 1733 2222 est
1761 2177 1943 2222 erudire
1957 2170 2237 2236 Γυίῇεᾶος

1292 2244 1350 2291 sic
1365 2244 1606 2292 sacerdos
1621 2243 1745 2290 Audi
1756 2241 1951 2305 glossam
1973 2239 2087 2304 ejus:
2101 2239 2230 2289 sicut.

1294 2309 1685 2375 dispensationem
1717 2306 2042 2372 mysteriorum
2060 2307 2169 2369 Dei.

1297 2380 1375 2441 qui
1397 2377 1541 2425 hodie
1568 2376 1784 2424 trahitur.
1805 2387 1820 2390 ²

1267 2472 1273 2474 >
1294 2445 1562 2492 Patriarcha
1577 2441 1845 2491 consuleret
1866 2441 1996 2490 hunc

1294 2519 1347 2558 ut
1368 2512 1585 2566 eveniat,
1599 2511 1728 2575 quod
1747 2508 1931 2573 legitur.
1994 2526 1998 2527 ⁷

1292 2580 1402 2626 vitae
1431 2576 1618 2626 caelestis
1648 2575 1705 2624 ali
1694 2584 1886 2625 menta.

1293 2644 1338 2693 se
1361 2646 1504 2693 hodie
1531 2642 1784 2709 suscepisse.
1944 2672 1947 2675 »

1292 2714 1376 2777 Ep.
1389 2712 1514 2761 XIII
1535 2713 1704 2766 reddet
1724 2726 1801 2759 me
1824 2708 1999 2759 necess
2001 2717 2084 2759 tras

1293 2780 1373 2829 nisi
1396 2780 1559 2828 unicus
1581 2781 1732 2827 homo
1755 2778 2032 2843 impedisset.

1286 2848 1330 2897 se
1356 2849 1442 2898 suis
1466 2850 1662 2914 pedibus
1674 2846 1913 2897 humiliter
1935 2842 2231 2895 devolvisset.

1601 2995 1622 3009 ·
1689 3033 1707 3038 κ
1689 2967 2233 3022 -&conversationem

2067 3114 2234 3151 recon-
