2471 3463
223 165 326 236 4⁷²
735 234 739 237 ι
936 155 1212 221 uttuubm
1233 161 1341 215 υηδ
1362 161 1719 224 Παώτὶᾠειη
2100 182 2144 232 3·
2167 168 2356 224 Period.

602 280 718 332 Bibl.
739 283 862 332 Patr.
889 284 1046 352 Lugd.
1724 289 1846 338 MSt.
1867 289 2043 339 Petrin.
2068 291 2266 341 Hamb„
2318 327 2328 339 .

407 351 679 400 devotionis
702 351 974 401 ferebantur
995 351 1190 403 affestus
1372 382 1391 395 -
1493 355 1769 405 devotionis
1802 357 1985 406 ferebat
2005 357 2218 408 affeetus‘.

407 433 515 467 mea
541 418 748 483 perdita,
761 435 867 468 mea
886 421 934 469 in
953 421 1064 470 felix
1075 423 1230 472 anima
1364 453 1384 462 -
1486 423 1545 471 ea
1565 422 1750 488 perdita
1763 455 1775 481 ,
1788 439 1894 472 mea
1918 427 1966 474 in
1977 426 2090 474 felix
2110 428 2283 478 anima.

407 487 606 534 honoris
643 516 660 524 -
693 487 875 551 sequela
898 490 1102 554 perditio
1128 489 1194 538 est
1291 500 1293 502 ·
1367 520 1387 530 -
1487 490 1686 538 honoris
1721 514 1739 524 -
1776 490 2186 556 sequelassperditio
2200 495 2266 544 est
2280 496 2382 546 Dei.

408 554 562 602 sermo
584 554 827 604 manifeste
864 555 1104 622 distinguit
1335 586 1354 596 -
1490 557 1644 607 sermo
1665 557 1933 607 manifestat
1955 559 2007 609 ὅ(
2037 558 2280 627 distinguit

406 621 716 670 numerositas
740 621 1045 675 eveffionum
1247 653 1265 663 -
1484 624 1842 674 innumerositas
1854 625 2166 677 evefflonum

409 703 522 753 quas
547 690 853 740 circumduco
1172 712 1192 725 ·
1487 693 1619 760 Qid
1646 692 1989 742 circumduffio
2011 695 2031 742 ἓ

409 756 550 820 quam
579 756 871 823 hospitalitas
893 757 1164 808 censeretur
1300 783 1320 798 -
1489 762 1628 826 quam
1650 759 1942 826 hospitalitas
1963 767 2267 826 nuncupatur

409 822 622 872 Christus
657 855 674 863 -
706 827 890 874 causam
914 827 956 874 ei
978 842 1076 874 non
1101 825 1284 892 praestat
1379 855 1396 868 -
1488 826 1701 876 Christus
1738 855 1757 866 -
1791 828 1976 876 causam
1991 844 2091 877 non
2117 828 2318 893 praestat.

398 890 548 940 semel
567 891 680 941 olim
704 892 952 942 crucifixus
988 924 1007 935 -
1043 894 1157 944 foris
1177 896 1226 945 in
1251 909 1361 960 pau-
1427 917 1446 929 -
1483 894 1625 944 semel
1648 893 1897 945 crucifixus
1932 920 1951 930 -
1985 897 2064 945 sed
2091 911 2220 945 nunc
2261 899 2311 947 in
2342 906 2463 963 pau-—

489 960 677 1024 peribus
1583 963 1791 1027 peribus,

408 1026 459 1074 ln
483 1028 648 1091 quibus
671 1033 752 1074 aut
772 1028 924 1074 nudus
939 1029 1165 1086 omnino,
1189 1035 1271 1076 aut
1401 1052 1420 1065 ··
1503 1030 1631 1078 Dum
1653 1038 1734 1078 aut
1757 1031 1907 1079 nudus
1922 1028 2127 1095 ejulanS,
2158 1038 2254 1080 aut.

406 1093 533 1142 fame
551 1095 732 1160 ‘frigore
767 1119 785 1183 j
821 1109 923 1160 quae
944 1096 1138 1145 interius
1160 1097 1332 1145 dantur
1418 1120 1436 1132 ·
1503 1097 1905 1212 Εαωξυῗεάξτὲῗὲἕε
1956 1129 1975 1138 -
2022 1114 2125 1164 quae
2149 1099 2198 1147 in
2220 1099 2452 1163 interioria

406 1228 621 1277 solatium
645 1228 863 1293 angustiae
887 1231 972 1279 suae
986 1226 1193 1293 postulat
1347 1253 1367 1267 -
1501 1229 1716 1279 solatium
1736 1230 1956 1296 angustiae
1992 1231 2079 1279 suae
2103 1231 2355 1297 postulant.
2423 1243 2436 1290 vj

403 1297 528 1344 Ecce
552 1296 838 1361 hospitalitas
866 1298 1099 1346 hodierna
1348 1322 1370 1338 -
1505 1298 1630 1346 Ecce
1657 1314 1786 1347 nunc
1811 1298 2101 1364 hospitalitas
2130 1300 2375 1351 hodierna.

403 1365 560 1412 inedia
578 1364 626 1414 <Sc
651 1365 866 1413 nuditate
899 1363 1102 1416 afficitur
1352 1394 1371 1406 -
1505 1366 1661 1414 inedia
1678 1367 1881 1416 &etiam
1906 1367 2122 1415 nuditate
2154 1365 2368 1417 afficitur.

403 1431 453 1481 ὅς
475 1432 729 1480 immemor
749 1433 914 1481 animae
947 1448 1063 1481 meae
1094 1435 1235 1484 sedeo
1373 1455 1389 1468 ·
1495 1434 1546 1483 ἀ
1574 1434 1830 1483 immemor
1851 1436 1944 1483 mei
1980 1434 2137 1483 sede0.

404 1499 455 1548 ὅ(
475 1500 766 1564 patrimonio
788 1517 1052 1566 pauperum
1305 1526 1327 1542 -
1499 1501 1549 1550 ὅ(
1570 1502 1861 1568 patrimonio
1884 1503 2085 1550 abutens
2106 1516 2385 1568 pau-perum.

336 1564 339 1565 ⁷
403 1566 668 1615 Forestariis
687 1568 736 1618 ὅ(
770 1573 948 1617 caeteris
974 1566 1251 1619 officialibus
1387 1592 1405 1605 ·
1500 1567 1765 1619 Forestariis
1781 1571 1831 1620 ὅ(
1853 1567 1948 1619 aliis
1961 1568 2254 1618 officialibus.

402 1635 464 1681 de
487 1635 809 1684 oblationibus
834 1645 977 1703 atque
1002 1638 1200 1686 decimis
1374 1661 1392 1673 ·
1495 1638 1573 1686 led
1595 1638 1645 1688 ὅ(
1668 1640 1726 1686 de
1741 1638 2060 1687 oblationibus
2072 1646 2216 1703 atque
2243 1635 2452 1686 decimis.

403 1701 464 1749 de
490 1703 864 1752 obventionibus
880 1707 1025 1753 etiam
1061 1705 1347 1769 placitorum
1417 1729 1433 1739 ·
1497 1706 1557 1752 de
1571 1707 1948 1754 obventionibus
1973 1707 2117 1753 etiam
2131 1704 2452 1754 Praelatorum.

401 1768 683 1818 Vindicabit
701 1771 802 1818 haec
824 1773 983 1820 omnia
1006 1780 1142 1835 pater
1345 1800 1364 1810 ·
1496 1772 1733 1836 Judicabit
1755 1773 1857 1820 haec
1882 1774 2043 1820 omnia
2065 1779 2218 1837 pater.

404 1851 496 1884 nec
518 1837 642 1900 ligna
663 1838 785 1885 ferre
807 1837 855 1884 in
879 1837 1054 1902 sylvam
1280 1868 1299 1877 -
1500 1853 1592 1886 nec
1614 1855 1702 1887 nos
1723 1839 1847 1902 ligna
1860 1839 1984 1887 ferre
2009 1840 2057 1888 in
2079 1837 2271 1904 sylvam.

402 1903 745 1952 Ecclesiasticus
767 1906 884 1954 dicit
1056 1936 1073 1946 -
1325 1930 1344 1940 -
1481 1905 1787 1954 'Ecclesiastes
1816 1907 1944 1954 dicit.

403 1972 483 2036 qui
503 1966 535 2018 ’si
564 1972 737 2020 habeat
754 1972 933 2037 ‘aliquid
969 2000 992 2008 -
1029 1975 1088 2023 ad
1101 1971 1343 2023 Christum
1412 2002 1431 2014 -
1501 1974 1692 2038 quinon
1705 1974 1850 2021 habet
1862 1969 2448 2040 aliquid-apudChristum

403 2038 634 2088 humiliari
649 2054 757 2087 cum
770 2041 980 2099 mitibu3‚
1233 2069 1252 2080 -
1505 2040 1746 2089 humiliari*
1770 2056 1880 2088 cum
1903 2041 2173 2090 humilibus.

402 2106 586 2154 Sumite
601 2102 830 2171 psalmum
1032 2129 1052 2140 -
1302 2137 1320 2146 -
1495 2108 1680 2155 Sumite
1702 2107 1982 2173 psalterium.

402 2174 463 2221 de
490 2175 863 2223 obventionibus
887 2171 1176 2239 placitorum
1311 2197 1332 2207 ·
1504 2176 1564 2223 de
1593 2174 1967 2224 obventionibus
1990 2174 2317 2224 Praelatoru'm.
2465 2157 2470 2226 l

403 2241 568 2306 Qare
591 2242 792 2290 atteritis
817 2241 1050 2306 populum
1072 2257 1232 2289 meum
1364 2269 1383 2281 -
1503 2243 1669 2308 Qare
1693 2243 1867 2291 avertis
1891 2242 2125 2308 populum
2148 2257 2323 2290 meum.
2396 2271 2403 2278 -
2463 2277 2466 2302 ,

404 2308 691 2357 Detestabile
721 2310 899 2376 quippe
932 2337 949 2349 -
982 2309 1156 2359 coloris
1171 2309 1351 2369 habitu,
1423 2332 1440 2343 -
1508 2309 1798 2358 Detestabile
1832 2313 2025 2376 quidem
2059 2335 2077 2343 -
2107 2310 2342 2358 ·honoris
2371 2307 2470 2378 cm}

482 2378 671 2425 honore
1575 2377 1758 2426 colore.

404 2441 657 2492 fidelitates
683 2452 827 2511 atque
853 2444 1071 2509 ligantias
1322 2473 1342 2484 ·
1510 2443 1749 2501 fidelitatis
1773 2444 2004 2510 ligantias.

404 2519 458 2558 ut
479 2510 530 2559 fit
550 2511 787 2576 depilator
811 2528 1076 2578 pauperum
1330 2541 1346 2552 -
1516 2521 1568 2560 ut
1589 2512 1640 2561 fit
1662 2513 1942 2578 dilapidator
1964 2527 2251 2576 pauperum.

404 2579 649 2643 Numquid
671 2595 750 2628 me
776 2582 900 2646 apud
921 2579 1177 2628 distriEtum
1192 2575 1406 2642 judicem
1492 2581 1741 2645 Numquid
1758 2583 1882 2646 apud
1912 2578 2166 2627 distrietum
2191 2576 2413 2642 judicem.
2454 2639 2456 2646 y

405 2644 462 2693 Et
483 2643 512 2692 fi
533 2645 676 2711 longa
700 2646 753 2695 fit
782 2673 800 2682 -
831 2673 850 2681 -
881 2648 958 2696 sed
972 2645 1150 2696 nonest
1162 2648 1438 2697 abbreviata
1505 2649 1564 2695 Et
1583 2648 1698 2696 licet
1721 2647 1864 2711 longa
1880 2647 1930 2694 fit
1953 2671 1969 2679 -
2003 2671 2021 2679 -
2055 2662 2155 2694 non
2202 2654 2361 2694 tamen
2383 2639 2455 2690 efl‘

1586 2716 1873 2767 abbreviata.
2452 2725 2453 2729 ¹

407 2778 674 2828 Avaritiam
700 2781 825 2829 enim
849 2796 910 2830 ex
933 2781 1169 2832 calumnia
1353 2810 1372 2821 ·
1507 2782 1863 2847 Eleemosynam
1888 2782 2014 2830 enim
2035 2795 2097 2829 ex
2118 2779 2347 2832 calumnia

406 2847 485 2896 sed
509 2847 584 2894 sua
606 2848 749 2894 etiam
772 2863 881 2895 cum
914 2848 995 2896 lite
1019 2856 1239 2913 repetere
1412 2879 1433 2890 -
1498 2850 1573 2898 sed
1599 2850 1679 2900 sua
1699 2864 1808 2896 cum
1828 2848 1911 2896 lite
1929 2855 2165 2912 repetere.
2232 2854 2236 2857 ’
2304 2888 2309 2893 ,

406 2915 466 2962 Et
490 2914 641 2961 idem:
674 2913 785 2961 Hoc
807 2914 958 2978 ipsum
988 2915 1212 2964 delie'tum
1248 2913 1315 2963 est
1415 2940 1431 2951 -
1450 2926 1460 2938 ·
1495 2917 1554 2965 Et
1575 2916 1812 2964 idemhoc
1826 2925 2078 2980 peccatum
2091 2913 2316 2963 defletum
2336 2906 2424 2983 est.-

406 2979 567 3028 steriIis
590 2988 714 3045 terra
738 2980 787 3030 ὃς
809 2983 1026 3045 proxima
1059 2982 1313 3034 maledid'to
1416 3013 1433 3024 -
1499 2982 1660 3031 sterilis
1691 2992 1815 3031 terra
1831 2983 2102 3048 &proxima
2117 2976 2426 3051 maledifflom

408 3048 644 3099 Dominus
671 3047 834 3101 veniet
848 3055 1098 3114 percutere
1301 3077 1318 3090 -
1493 3051 1729 3101 Dominus
1740 3052 1902 3103 veniet
1933 3050 1983 3100 ὅ(
2000 3049 2250 3117 percutiet.
2301 3104 2417 3160 ΑΗΕ

2369 3125 2390 3174 J
2419 3136 2426 3143 .
