2547 3442
277 209 345 266 84
947 201 1225 262 'Urbanum
1246 207 1354 264 tmb
1375 209 1732 273 Uacbricbten
2155 239 2212 289 3·
2227 195 2417 281 Period}

279 336 385 377 rum
407 293 551 377 fidem
571 328 622 379 δι
642 328 965 382 testimonium
989 300 1182 384 euidens
1202 336 1531 402 premissorum
1551 339 1709 392 literas
1730 341 1908 393 nostras
1928 349 2172 412 presentes
2197 353 2367 401 exinde
2389 351 2490 405 fieri
2507 324 2527 327 J

274 407 337 443 'ac
359 393 485 444 όίἑὶε
503 394 662 445 nostre
684 399 878 449 ecclesie
901 400 1027 466 sigilli
1046 403 1336 468 appensione
1356 406 1556 458 fecimus
1579 411 1881 460 communiri.
1965 415 2146 466 Datum
2165 418 2216 469 ὅ(
2235 417 2414 469 Atium
2434 423 2487 483 in

278 461 393 511 loco
413 462 674 528 Capitulari
705 464 916 532 ejusdem
941 468 1097 518 nostre
1127 470 1322 520 ecclesie
1350 476 1499 524 Anno
1527 475 1556 525 a
1576 477 1843 527 Natiuitate
1862 479 2235 536 Dutmiuefimo
2251 487 2486 553 *quadrin-

277 530 541 595 gentesimo
564 533 800 585 tricesimo
824 535 980 601 primo
999 536 1215 588 vicesima
1237 548 1402 605 quarta
1421 543 1498 592 die
1529 544 1698 594 mensis
1717 545 1845 609 Julii.-
1950 550 1954 554 ”

1358 688 1361 693 ,
1514 637 1581 704 L.
1616 638 1671 705 S.

1421 658 1813 822 pendentis)
2161 821 2164 823 ,

382 908 463 993 4.
519 877 813 972 Literae
837 883 1161 1005 Papales
1195 887 1744 1010 praecedentia
1769 887 2367 1016 confirmantes.
2409 915 2412 917 ’

662 1051 669 1053 f
768 999 843 1065 A.
860 1013 1030 1090 1432.
1078 998 1368 1095 d.7Apr.
1388 1027 1466 1073 ex
1488 1003 1894 1100 Authennco.
1942 1013 1987 1057 ⁹⁶
2364 1023 2369 1028 ’

267 1106 537 1194 Eugenius
557 1115 805 1181 episcopus
829 1118 986 1171 seruus
1006 1122 1249 1172 seruorum
1272 1125 1378 1175 Dei.
1447 1125 1638 1177 Dilecto
1681 1127 1798 1180 filio.
1883 1132 2083 1183 Decano
2111 1131 2316 1186 ecclesie
2336 1139 2480 1190 Lubi-

347 1181 491 1229 censis
516 1181 712 1231 salutem
732 1184 782 1233 &
800 1186 1124 1252 Apostolicam
1139 1191 1539 1244 benedietionem.
1608 1196 1888 1262 Apostolice
1909 1199 2140 1252 seruitutis
2161 1202 2374 1254 officium
2394 1223 2481 1255 no-

268 1249 338 1297 bis
361 1249 556 1313 desuper
585 1250 884 1301 commissum
915 1255 1059 1320 digne
1082 1272 1317 1323 peragere
1331 1276 1433 1311 non
1470 1263 1754 1328 ambigimus
1777 1264 1808 1313 si
1836 1267 1897 1315 ad
1917 1282 1974 1315 ea
1987 1283 2080 1333 que
2102 1286 2191 1335 pro
2212 1275 2478 1323 commodo

267 1316 318 1366 ὅ(
339 1315 543 1369 utilitate
569 1317 865 1368 ecclefiarum
887 1336 943 1369 ac
963 1323 1382 1376 ecclesiasticorum
1403 1331 1604 1394 prouide
1626 1330 1893 1396 processisse
1917 1338 2238 1401 comperimus
2261 1349 2316 1388 ut
2333 1340 2480 1390 illiba·
2503 1326 2532 1351 ⁰

266 1392 316 1430 ta
335 1381 574 1447 persistant
596 1384 844 1448 apostolici
867 1390 1138 1438 muniminis
1159 1393 1410 1455 presidium
1431 1394 1688 1444 efficaciter
1710 1398 2040 1449 ministremus.
2076 1404 2200 1451 Sane
2228 1422 2319 1469 pro
2341 1417 2478 1471 parte

267 1448 549 1500 dile&orum
569 1450 774 1499 filiorum
800 1453 1046 1518 Meynardi
1067 1457 1242 1505 Beueld
1261 1461 1526 1525 presbyteri
1548 1465 1771 1527 perpetui
1793 1465 1955 1514 vicarii
1972 1468 2032 1514 ad
2050 1468 2217 1519 Altare
2240 1472 2386 1522 sanCti
2405 1475 2478 1538 Ja-

266 1518 377 1566 cobi
412 1516 545 1565 situm
578 1518 626 1565 in
663 1519 947 1583 parrochiali
977 1522 1171 1572 ecclesia
1204 1524 1347 1575 sanffi
1384 1529 1576 1578 Nicolai
1610 1531 1743 1595 opidi
1769 1532 2084 1599 Hamburgen
2109 1539 2314 1589 Bremen
2334 1541 2474 1590 dioce

264 1585 315 1635 ὅ(
334 1585 561 1647 Johannis
581 1585 758 1635 Beueld
794 1588 988 1652 opidani
1019 1588 1144 1639 di&e
1165 1592 1292 1640 dioci
1319 1594 1516 1644 fratrum
1549 1598 1689 1645 nobis
1710 1614 1864 1663 nuper
1894 1602 2300 1669 exhibitapetitio
2322 1609 2476 1658 eonti-

261 1654 410 1700 nebat
431 1685 447 1708 ,
482 1653 612 1717 quod
632 1651 747 1700 olim
766 1654 848 1718 ipsi
873 1656 1218 1707 considerantes
1241 1659 1421 1710 sru&us
1443 1664 1652 1712 redditus
1682 1664 1732 1714 ὅ(
1754 1676 2018 1730 prouentus
2039 1679 2275 1736 perpetue
2297 1673 2475 1724 vicarie

264 1721 324 1767 ad
344 1718 508 1767 Altare
529 1718 795 1783 medanum
819 1737 960 1786 quam
991 1724 1087 1789 ipse
1113 1726 1400 1791 Meynardus
1430 1736 1546 1778 tunc
1586 1732 1838 1781 obtinebat
1876 1742 2022 1799 prout
2054 1739 2244 1788 obtinet
2272 1749 2474 1806 propter

262 1787 595 1835 inundationes
621 1803 848 1851 aquarum
878 1790 928 1839 ὅ(
955 1790 1074 1839 alios
1097 1792 1310 1842 Sinistros
1331 1804 1534 1844 euentus
1565 1799 1686 1846 adeo
1720 1799 1980 1850 diminutos
2000 1803 2108 1852 fore
2128 1808 2260 1870 quod
2281 1822 2342 1856 ex
2365 1808 2470 1868 illis,

263 1854 556 1919 quiquinque
609 1854 912 1904 Marcharum
958 1859 1144 1923 argenti
1164 1867 1167 1871 “
1195 1861 1450 1911 secundum
1485 1869 1815 1915 *communem
1854 1870 2221 1922 extimationem
2259 1874 2473 1926 ualorem

263 1935 475 1969 annuum
496 1936 597 1970 non
620 1924 876 1981 excedunt,
891 1922 1040 1974 dietus
1053 1927 1340 1991 Meynardus
1361 1928 1438 1978 uel
1461 1932 1610 1996 quiuis
1643 1932 1758 1982 alius
1788 1933 1963 1984 (licitam
1981 1939 2208 1989 vicariam
2238 1957 2328 2008 pro
2352 1950 2474 2004 tem-

262 2003 383 2054 pore
407 1989 629 2047 obtinens
652 1992 912 2038 commode
931 2007 1031 2041 non
1052 1994 1234 2043 ualeret
1253 1995 1489 2046 sustentari
1510 2032 1525 2056 ‚
1558 2014 1614 2047 ac
1635 1999 1818 2050 suarum
1849 2018 2111 2070 eorumque
2142 2016 2398 2073 parentum
2421 2011 2473 2062 ὃς

262 2055 627 2121 progenitorum
649 2056 948 2106 intendentes
969 2061 1230 2110 animarum
1257 2063 1419 2123 saluti,
1456 2067 1516 2114 ad
1537 2067 1685 2116 diuini
1705 2084 1899 2135 quoque
1931 2072 2082 2121 cultus
2114 2075 2370 2140 aspirantes
2391 2093 2471 2127 au-

262 2129 513 2188 gmentum
536 2123 595 2170 de
618 2122 754 2170 bonis
773 2124 950 2173 eisdem
973 2128 1120 2175 aDeo
1135 2129 1315 2179 collatis
1326 2133 1497 2197 viginti
1511 2135 1732 2196 Marchas
1749 2146 1948 2186 monete
1960 2140 2230 2191 Lubicensis
2240 2144 2322 2209 ipsi
2337 2147 2472 2210 Mey-

262 2191 414 2239 nardo
438 2188 516 2237 uel
537 2205 680 2254 quern
701 2191 927 2240 vicariam
949 2194 1094 2258 ipsam
1126 2211 1214 2261 pro
1240 2205 1462 2264 tempore
1494 2204 1729 2252 canonice
1754 2206 1970 2254 obtinere
1995 2211 2303 2275 contingeret
2320 2214 2471 2262 Annis

261 2257 446 2322 singulis
478 2264 715 2322 perpetuo
748 2258 799 2308 ὃς
830 2258 1089 2310 efficaciter
1115 2263 1450 2328 persolvendas
1483 2270 1533 2317 in
1555 2279 1867 2334 augmentum
1889 2274 2013 2322 dotis
2035 2273 2248 2338 ejusdem
2277 2280 2470 2330 Vicarie

261 2324 409 2373 libere
431 2324 1017 2386 donaruntflconcesserunt
1038 2329 1087 2380 ὃ(
1107 2326 1407 2395 assignarunt>
1420 2337 1647 2402 quodque
1667 2337 1823 2387 dilecti
1845 2337 1924 2388 filii
1951 2339 2227 2392 Gherardus
2245 2345 2470 2397 Decanus

261 2392 314 2442 ὅ(
333 2390 609 2455 Capitulum
630 2393 821 2441 ecclesie
845 2396 985 2443 beate
1008 2397 1161 2446 Marie
1180 2397 1291 2448 diui
1313 2401 1443 2465 opidi
1463 2404 1600 2451 cuius·
1622 2405 1788 2453 Mense
1812 2404 2073 2470 Capitulari
2088 2411 2198 2474 ipsa
2227 2414 2470 2476 parrochi-

259 2458 342 2508 alis
387 2457 579 2506 ecclefia
615 2461 847 2509 canonice
879 2464 1185 2530 incorporata
1214 2467 1264 2517 <Sc
1296 2468 1428 2517 unita
1456 2469 1562 2518 fore
1594 2472 1850 2520 dinoscitur
1871 2476 2176 2525 attendentes
2209 2486 2468 2545 propterea

261 2526 389 2593 ipsos
410 2527 584 2573 fratres
599 2541 756 2574 nouos
787 2530 1046 2579 admodum
1080 2531 1204 2581 ἀὶᾶὶε
1223 2534 1416 2583 Vicarie
1445 2536 1723 2587 fundatores
1744 2540 1925 2589 censeri
1944 2541 2122 2591 debere
2153 2545 2218 2592 eis
2242 2547 2466 2610 quamdiu

263 2595 413 2642 uitam
435 2594 666 2642 ducerent
686 2594 735 2641 in
757 2594 973 2646 humanis
993 2614 1048 2647 ac
1067 2599 1171 2665 post
1196 2615 1366 2650 eorum
1392 2603 1442 2653 ὃ(
1463 2601 1714 2668 cujuslibet
1737 2607 1941 2672 ipsorum
1975 2609 2313 2660 resolutionem
2336 2613 2467 2663 Seni-

263 2664 335 2709 ori
355 2661 728 2726 proximiorique
752 2676 920 2710 eorum
942 2665 1104 2715 heredi
1127 2668 1217 2717 fiue
1237 2670 1592 2736 consanguineo
1613 2688 1673 2721 ex
1695 2673 1871 2724 dire&a
1891 2675 2029 2723 linea*
2046 2676 2352 2727 descendenti
2372 2679 2468 2730 siue

261 2728 489 2778 masculus
507 2728 659 2787 foret,
677 2770 680 2772 .
697 2729 789 2778 siue
809 2729 987 2781 femina
1007 2734 1270 2785 dummodo
1284 2738 1484 2803 persona
1507 2740 1719 2806 religiosa
1741 2758 1844 2790 non
1863 2740 2085 2791 existeret
2102 2743 2465 2811 Juspatronatus

261 2795 314 2845 <Sc
337 2796 635 2860 presentandi
664 2797 915 2863 personam
948 2800 1174 2851 Idoneam
1207 2806 1265 2852 ad
1287 2804 1462 2854 dietam
1493 2809 1717 2857 vicariam
1742 2809 1841 2856 eius
1865 2813 2224 2861 occurrentibus
2251 2816 2466 2864 uacatio-

261 2877 377 2912 num
400 2864 694 2928 temporibus
708 2865 906 2915 Decano
931 2868 1011 2932 qui
1032 2867 1159 2919 foret
1183 2880 1507 2940 protempore
1526 2874 1652 2925 diere
1674 2874 1869 2924 ecclefie
1900 2875 1950 2925 ὅ(
1972 2876 2197 2943 Capitulo
2221 2880 2464 2930 huiusmo-

285 2959 290 2973 .
318 2967 321 2970 .
2293 2965 2296 2967 ·
2415 2949 2463 2997 di

278 2989 290 3021 V‘
315 3024 338 3050 ⁶⁶
363 3021 457 3069 ‘Det
479 3025 634 3077 qeneiqte
648 3026 741 3080 *deser
755 3028 889 3073 besiebe
907 3032 963 3074 bie
980 3031 1064 3083 etsie
1082 3031 1365 3088 δῖιψῆετιῖαῐει
1383 3048 1423 3088 με
1444 3037 1572 3090 hierem
1592 3039 1746 3094 §unitus
1766 3039 1831 3078 sub
1848 3042 1941 3081 Nro.
1954 3052 1986 3083 1.
2006 3040 2230 3096 anausebmt
2260 3044 2298 3088 in
2309 3044 2465 3098 mestum

425 3078 649 3145 berungcmg
674 3085 748 3126 unu
769 3086 841 3128 bas
850 3085 1077 3139 &incuteret
1094 3087 1290 3137 utrumvel
1309 3092 1448 3148 ntitbia
1468 3094 1525 3144 vie
1547 3096 1658 3143 vatin
1677 3091 1885 3151 befinut'qc
1894 3092 2128 3152 ffiuwstuben
2147 3096 2465 3162 unwaiussunss
2523 3118 2526 3119 ⁷

423 3134 487 3181 tm
497 3133 887 3195 wurtetoarqesteuet
901 3142 1062 3197 morum

2500 854 2525 875 ἱ
