2471 3463
81 424 86 426 ’
129 432 134 435 ·
177 422 310 486 ⁴quia
333 420 662 468 innocentiam
697 449 715 457 -

66 291 68 293 ,
92 244 260 323 2,(339.
276 202 686 303 fieb‘enbemenrasse.

456 351 572 400 Bibl.
598 351 725 399 Patr.
748 352 901 418 Lugd.

751 443 768 451 -
785 421 975 471 reddisti
994 423 1241 478 exosam-

201 568 408 619 cumque
431 553 716 619 respondere
751 584 767 592 -
805 578 822 589 -
850 558 1145 605 moneretur.

195 622 331 672 Mole
354 622 505 684 quaeso
528 621 862 686 magnitudinis
877 624 964 672 suae

198 692 306 738 Nec
333 688 393 736 fic
417 703 524 736 mea
537 689 634 736 fata
657 697 940 753 premuntur

174 758 326 808 'Inter
358 756 537 806 vota&
571 781 589 789 -
620 781 642 790 -
678 755 839 819 saepius
863 759 1172 805 numerabam

202 888 403 965 deferor·
418 887 606 954 hospes.

277 963 436 1006 centia

193 1233 248 1277 ut
269 1229 318 1277 in
340 1227 562 1294 sapientia
577 1231 739 1286 vincat
762 1231 1019 1290 malitiam,
1096 1233 1101 1237 ’

195 1295 405 1344 arctioris
429 1297 650 1362 angustiae
663 1332 678 1356 ‚
693 1315 793 1348 non
808 1301 1046 1349 timerem.

195 1363 298 1427 Ego
320 1371 483 1413 tamen
507 1380 599 1414 nec
623 1366 881 1416 sanioribus
904 1369 1018 1416 cibis

195 1431 304 1479 Nec
327 1433 447 1480 vixit
469 1432 619 1489 male,
654 1435 734 1498 qui
759 1443 897 1482 natus

194 1497 389 1563 Qippe
412 1500 580 1548 minuti
602 1498 785 1565 semper
808 1501 856 1551 ὃ(
882 1501 1051 1549 infirmi
1072 1463 1139 1548 eit
1208 1525 1226 1534 -

273 1566 1099 1700 ff¹ffi¹ffi<ssi¹tg²ss³ci¹u3fffi¹eiffi⁵ssli¹ssss
1119 1566 1228 1701 pli}

279 1697 404 1746 ceffu
427 1703 658 1766 temporis

189 1764 331 1814 Putas
353 1773 402 1814 te
415 1769 530 1817 mihi
552 1768 803 1817 exitialiter
838 1799 856 1808 -

891 1768 1041 1834 -Ipse
1063 1781 1216 1835 par--

273 1841 352 1881 cat
370 1835 456 1882 tibi

26 1898 109 1965 Ep.
121 1897 339 1948 LXXIII
355 1902 500 1951 fuerit
523 1903 723 1951 omnino
738 1902 913 1952 sublata
935 1904 994 1952 de
1009 1905 1186 1953 medio.

190 1967 417 2033 supplicio
439 1971 604 2018 mortis
629 1972 861 2020 addicitur
887 1972 1195 2021 ἰῃεεῐῖεὲὶοτ

181 2102 332 2152 -Πὺετει
355 2106 646 2170 impunitatis
673 2107 869 2155 audacia
890 2107 1102 2172 gladium

190 2169 222 2215 fi
247 2171 472 2219 timorem
495 2173 744 2221 homicidis
768 2174 1022 2224 incuteret.
1074 2238 1082 2241 ..

188 2236 237 2286 ὅ(
258 2241 366 2301 quia
390 2255 490 2286 non
505 2238 663 2304 potest
681 2240 891 2288 incidere

188 2313 452 2370 euntesque
477 2308 525 2355 in
552 2307 747 2357 deliciis
755 2323 866 2355 cum
901 2308 1194 2373 plenitudine

186 2376 300 2421 eam
325 2374 462 2421 nobis
485 2375 814 2423 damnabiliter
842 2377 1133 2426 reservamus
1200 2406 1218 2416 -

188 2438 298 2487 haec
316 2442 462 2489 verba
483 2441 641 2505 legiffe
655 2443 958 2491 meminimus

194 2507 365 2571 Nuper
388 2510 512 2572 apud
535 2511 861 2558 Wintoniam

6 2581 9 2583 “
44 2576 49 2584 ‘
100 2601 102 2603 >
189 2576 370 2622 occisus
392 2575 503 2623 est
481 2592 510 2623 a
526 2575 788 2633 Guillelmo
811 2578 1016 2625 Frechet

188 2657 248 2689 ex
272 2641 467 2707 epistola
489 2644 678 2693 Nicolai
701 2646 758 2693 ad
771 2645 1031 2710 Episcopos
1055 2644 1165 2694 Gal

188 2710 565 2861 ΜξέετίῗῑῗΡῷρεε
607 2779 707 2835 &-
735 2779 1065 2844 -Carthagin.
1093 2778 1167 2827 111.

192 2911 448 2962 viffdi&am
484 2913 758 2970 excelsuum
782 2914 1128 2978 relinquamus.

131 2983 135 2988 '
187 2977 495 3029 humanitatis
528 2982 770 3032 confilium
804 3013 821 3022 -
854 2982 1225 3049 impendamusg'

114 3046 119 3050 ’
184 3041 381 3095 Publice
406 3064 610 3115 namque
625 3049 840 3108 interest

79 3120 84 3124 '
189 3113 432 3163 censuram
467 3140 486 3154 -
520 3126 822 3173 reverentur.
858 3119 987 3170 Bene
1010 3079 1236 3171 valete.-

88 3173 122 3222 Ι
134 3167 311 3244 theiis
342 3191 440 3245 3tet·
458 3183 641 3243 bani).

885 306 890 313 .
925 229 1032 293 von
1052 223 1120 288 st.
1133 237 1260 287 Petri
1282 225 1491 298 z'xirdn.

1239 781 1257 790 -
1294 758 1445 823 Super
1468 758 1630 806 omnia
1665 783 1684 793 -

677 888 864 940 Verum
879 893 987 957 quia
1007 892 1145 942 inno·
1212 914 1230 927 ·

2144 235 2247 303 457
2343 296 2345 298 ,

1561 353 1683 402 MSt.
1706 354 1830 404 Petr.
1852 353 2026 403 Hamb.

1294 424 1402 487 quia
1445 422 1819 470 innocentiam·
1849 423 2085 508 reddidisti
2129 438 2246 473 exo-

1359 489 1475 536 sam.

1231 552 1425 619 -Dcfisi
1428 567 1494 603 nt.

1291 610 1426 672 Mole
1454 621 1610 688 quaeso
1636 621 1928 673 fortitudinis
1959 626 2046 675 suae

1293 692 1402 738 Nec
1424 690 1453 737 fi
1480 705 1586 737 mea
1610 689 1707 739 fata
1730 696 2026 755 premuntur.

1729 787 1746 796 -
1770 756 1897 807 “illud
1939 770 2041 811 erat
2085 766 2241 829 praeci-

1356 841 1519 890 puum.

1296 893 1488 942 deferor
1501 893 1690 959 hospes,
1760 895 1906 943 Nunc
1921 891 2082 944 autem
2096 893 2243 960 culpis

1363 960 1661 1026 exigentibus
1681 977 1828 1026 vagus
1851 963 1899 1012 &
1916 962 2147 1027 profugus
2176 966 2244 1010 su-

1356 1044 1444 1095 per
1467 1036 1670 1085 terram,
1722 1046 1819 1095 quo
1850 1046 1928 1078 me
1949 1046 2140 1095 cunque
2176 1046 2245 1079 ra-

1363 1099 1435 1163 pit
1477 1096 1767 1162 tempestas,
1813 1098 2005 1149 deferor
2043 1098 2244 1164 hospes3

1359 1165 1488 1231 Qia
1515 1172 1677 1212 tamen
1699 1165 1978 1214 innocentia

1193 1254 1211 1266 -
1244 1227 1260 1251 ²
1287 1238 1342 1280 ut
1369 1232 1594 1296 sapientia
1614 1235 1779 1282 vincat
1800 1233 2044 1282 malitiam.

1293 1299 1421 1347 casus
1434 1298 1644 1349 arffioris
1661 1301 1881 1365 angustiae
1893 1318 1995 1350 non
2007 1304 2241 1350 timerem.

1193 1395 1211 1405 -
1293 1368 1396 1431 Ego
1423 1365 1582 1415 autem
1605 1383 1696 1416 nec
1722 1369 1977 1418 sanioribus
2004 1369 2120 1418 cibis

1292 1436 1400 1482 Nec
1417 1431 1555 1497 juxta
1579 1435 1729 1492 male,
1754 1437 1833 1500 qui
1854 1444 1991 1485 natus

1294 1502 1456 1566 Qem
1483 1518 1633 1566 prope
1656 1503 1833 1554 inimici
1853 1504 1902 1553 ὃ(
1921 1502 2105 1566 semper
2118 1500 2241 1550 infir-

1359 1569 1425 1616 mi
1446 1568 1513 1646 est
1533 1570 1701 1630 animi,
1716 1573 1846 1636 quod
1877 1568 2095 1637 proceffu
2116 1576 2240 1619 tem-

1359 1652 1507 1702 por1S.

1288 1768 1486 1838 Dqsimt.

1237 1934 1255 1943 -
1288 1912 1374 1977 Ep.
1385 1909 1493 1958 LV.
1516 1908 1659 1957 fuerit
1684 1906 1854 1958 sublata
1879 1909 1937 1957 de
1950 1909 2110 1958 medio
2167 1912 2174 1917 ’“

1199 1994 1247 2006 -”
1287 1977 1516 2044 supplicio
1542 1978 1710 2025 mortis
1735 1978 1966 2026 addicitur
1979 1977 2163 2026 occisor

190 2035 507 2086 maleficium
499 2040 746 2087 immanius
767 2039 1136 2089 &execrabilius
1203 2070 1222 2080 -

1288 2045 1574 2095 maleficium
1596 2043 1746 2108 majus
1761 2046 1809 2095 ὅ(
1834 2045 2141 2093 execrabilius

1201 2132 1220 2142 -
1289 2114 1436 2163 libera
1457 2111 1958 2178 impunitatislicentia
1980 2111 2202 2176 gladium.
2258 2160 2265 2161 ff

1199 2200 1216 2209 ·
1287 2181 1318 2231 fi
1339 2181 1564 2229 timorem
1590 2181 1830 2227 incuteret

1285 2249 1335 2298 ὃς
1358 2248 1465 2313 quia
1489 2263 1590 2295 non
1612 2245 1767 2312 potest
1786 2245 1981 2293 caedere.

1233 2332 1251 2342 ·
1287 2325 1552 2382 euntesque
1565 2315 1613 2361 in
1625 2312 1802 2361 delictis
1815 2328 1924 2360 cum
1939 2310 2233 2377 plenitudine

1289 2398 1399 2430 eum
1423 2382 1561 2429 nobis
1586 2380 1903 2428 damnabilem
1924 2380 2231 2429 reservamus.

1287 2450 1389 2498 haec
1411 2450 1557 2496 verba
1571 2463 1658 2509 nos
1672 2446 1829 2512 legisse
1843 2447 2161 2513 meminimus.

1286 2518 1457 2580 Nuper
1476 2516 1602 2564 enim
1625 2516 1751 2580 apud
1763 2516 2100 2565 Wintoniam.

1286 2583 1468 2631 occisus
1492 2582 1558 2630 est
1576 2584 1674 2645 aA.
1687 2580 1750 2630 G.
1912 2600 1913 2603 ¹

1234 2673 1253 2685 ·
1287 2666 1348 2700 ex
1366 2649 1563 2716 epistOla
1586 2651 1640 2699 11.
1655 2648 1884 2715 N.Papae.

1236 2802 1254 2811 ·
1286 2781 1508 2835 Martini,
1530 2780 1580 2831 &
1613 2804 1632 2813 ·
1666 2809 1685 2819 -

191 2844 271 2907 qui
294 2847 511 2894 mutuum
535 2864 562 2894 a
590 2842 634 2894 le
659 2848 934 2896 mendicant
956 2845 1182 2894 auxilium
1233 2869 1252 2879 -

1197 2943 1216 2953 -
1286 2914 1546 2965 vindictam
1573 2913 1842 2963 excessuum
1866 2915 2139 2993 relinquatis

1233 3010 1254 3022 -
1285 2983 1594 3033 humanitatis
1619 2980 1882 3031 officium·
1864 2982 2229 3049 -impendamus

1721 2778 2001 2844 Carthagin.

1288 2851 1368 2913 qui
1391 2856 1609 2897 mutuum
1628 2864 1656 2894 a
1680 2847 1724 2896 se
1743 2848 1987 2896 vindicant
2008 2846 2230 2897 auxilium

1283 3051 1487 3100 Publicae
1510 3064 1717 3122 namque
1736 3050 1803 3097 rei
1824 3047 2030 3100 interest.

1287 3121 1584 3172 censuram
1614 3119 1906 3170 reverentur.

1214 3182 1406 3250 *mmm
2141 3182 2228 3252 ΕΡ·
