<?xml version="1.0" encoding="UTF-8"?>
<!DOCTYPE html PUBLIC "-//W3C//DTD XHTML 1.0 Transitional//EN"
    "http://www.w3.org/TR/xhtml1/DTD/xhtml1-transitional.dtd">
<html xmlns="http://www.w3.org/1999/xhtml" xml:lang="en" lang="en">
 <head>
  <title>
</title>
<meta http-equiv="Content-Type" content="text/html;charset=utf-8" />
  <meta name='ocr-system' content='tesseract 3.04.00' />
  <meta name='ocr-capabilities' content='ocr_page ocr_carea ocr_par ocr_line ocrx_word'/>
</head>
<body>
  <div class='ocr_page' id='page_1' title='image "./historiaecclesia03stap_0215.png"; bbox 0 0 2471 3463; ppageno 0'>
   <div class='ocr_carea' id='block_1_1' title="bbox 0 91 2299 513">
    <p class='ocr_par' dir='ltr' id='par_1_1' title="bbox 0 91 5 145">
     <span class='ocr_line' id='line_1_1' title="bbox 0 91 5 145; baseline 0 0"><span class='ocrx_word' id='word_1_1' title='bbox 0 91 5 145; x_wconf 69' lang='grc' dir='ltr'><em>ἕ</em></span> 
     </span>
    </p>

    <p class='ocr_par' dir='ltr' id='par_1_2' title="bbox 0 148 2299 513">
     <span class='ocr_line' id='line_1_2' title="bbox 0 148 2240 274; baseline -0.004 -31"><span class='ocrx_word' id='word_1_2' title='bbox 0 148 4 271; x_wconf 71' lang='grc' dir='ltr'>ξ</span> <span class='ocrx_word' id='word_1_3' title='bbox 108 186 702 257; x_wconf 59' lang='lat' dir='ltr'><strong>2.cap.-fiebenvea3e91age.</strong></span> <span class='ocrx_word' id='word_1_4' title='bbox 888 260 895 264; x_wconf 28' lang='grc'>,</span> <span class='ocrx_word' id='word_1_5' title='bbox 1006 192 1111 238; x_wconf 69' lang='lat' dir='ltr'><strong>von</strong></span> <span class='ocrx_word' id='word_1_6' title='bbox 1133 184 1333 233; x_wconf 55' lang='lat' dir='ltr'><strong>sarem</strong></span> <span class='ocrx_word' id='word_1_7' title='bbox 1347 186 1555 240; x_wconf 52' lang='lat' dir='ltr'><strong>zaran.</strong></span> <span class='ocrx_word' id='word_1_8' title='bbox 2121 193 2240 274; x_wconf 55' lang='lat'><strong>¹32&lt;</strong></span> 
     </span>
     <span class='ocr_line' id='line_1_3' title="bbox 0 275 1852 406; baseline -0.001 -47"><span class='ocrx_word' id='word_1_9' title='bbox 0 275 3 406; x_wconf 41' lang='grc' dir='ltr'><strong>γ’</strong></span> <span class='ocrx_word' id='word_1_10' title='bbox 303 380 312 391; x_wconf 45' lang='grc'><em>.</em></span> <span class='ocrx_word' id='word_1_11' title='bbox 371 283 374 285; x_wconf 14' lang='lat' dir='ltr'>v</span> <span class='ocrx_word' id='word_1_12' title='bbox 850 374 862 386; x_wconf 49' lang='grc'><em>.</em></span> <span class='ocrx_word' id='word_1_13' title='bbox 962 311 1102 357; x_wconf 70' lang='grc' dir='ltr'><strong>ἱεὶἶὶο</strong></span> <span class='ocrx_word' id='word_1_14' title='bbox 1124 311 1321 372; x_wconf 79' lang='lat' dir='ltr'><strong>septima.</strong></span> <span class='ocrx_word' id='word_1_15' title='bbox 1600 373 1613 385; x_wconf 52' lang='grc'><strong>.</strong></span> <span class='ocrx_word' id='word_1_16' title='bbox 1804 380 1813 389; x_wconf 39' lang='lat'><em>⁰</em></span> <span class='ocrx_word' id='word_1_17' title='bbox 1849 281 1852 285; x_wconf 15' lang='grc' dir='ltr'>ι</span> 
     </span>
     <span class='ocr_line' id='line_1_4' title="bbox 0 376 2299 444; baseline -0.003 -13"><span class='ocrx_word' id='word_1_18' title='bbox 0 407 1 418; x_wconf 45' lang='lat'>¹</span> <span class='ocrx_word' id='word_1_19' title='bbox 227 383 280 431; x_wconf 89' lang='lat' dir='ltr'><strong>In</strong></span> <span class='ocrx_word' id='word_1_20' title='bbox 300 379 381 427; x_wconf 81' lang='lat'>1110</span> <span class='ocrx_word' id='word_1_21' title='bbox 405 386 626 444; x_wconf 87' lang='lat' dir='ltr'><strong>tempore</strong></span> <span class='ocrx_word' id='word_1_22' title='bbox 645 376 827 426; x_wconf 87' lang='lat' dir='ltr'><strong>stabant</strong></span> <span class='ocrx_word' id='word_1_23' title='bbox 846 384 981 441; x_wconf 82' lang='lat' dir='ltr'>Juxta</span> <span class='ocrx_word' id='word_1_24' title='bbox 1008 391 1198 425; x_wconf 89' lang='lat' dir='ltr'><strong>crucem</strong></span> <span class='ocrx_word' id='word_1_25' title='bbox 1217 377 1322 442; x_wconf 88' lang='lat' dir='ltr'><strong>Jesu</strong></span> <span class='ocrx_word' id='word_1_26' title='bbox 1341 411 1357 436; x_wconf 79' lang='lat'>,</span> <span class='ocrx_word' id='word_1_27' title='bbox 1389 384 1541 426; x_wconf 87' lang='lat' dir='ltr'><strong>mater</strong></span> <span class='ocrx_word' id='word_1_28' title='bbox 1569 391 1670 441; x_wconf 71' lang='lat' dir='ltr'><strong>ejus</strong></span> <span class='ocrx_word' id='word_1_29' title='bbox 1696 378 1845 428; x_wconf 81' lang='lat' dir='ltr'><strong>Maria</strong></span> <span class='ocrx_word' id='word_1_30' title='bbox 1865 409 1882 437; x_wconf 74' lang='lat'>‚</span> <span class='ocrx_word' id='word_1_31' title='bbox 1917 378 1968 429; x_wconf 70' lang='grc' dir='ltr'><strong>ὅτ.</strong></span> <span class='ocrx_word' id='word_1_32' title='bbox 1986 377 2118 427; x_wconf 87' lang='lat' dir='ltr'><strong>soror</strong></span> <span class='ocrx_word' id='word_1_33' title='bbox 2138 389 2238 424; x_wconf 76' lang='lat' dir='ltr'><strong>ma·</strong></span> <span class='ocrx_word' id='word_1_34' title='bbox 2294 396 2299 397; x_wconf 42' lang='lat'><em>⁷</em></span> 
     </span>
     <span class='ocr_line' id='line_1_5' title="bbox 46 443 1542 513; baseline -0.005 -14"><span class='ocrx_word' id='word_1_35' title='bbox 46 451 127 500; x_wconf 86' lang='lat' dir='ltr'><strong>tris</strong></span> <span class='ocrx_word' id='word_1_36' title='bbox 150 447 250 513; x_wconf 86' lang='lat' dir='ltr'><strong>ejus</strong></span> <span class='ocrx_word' id='word_1_37' title='bbox 271 446 420 496; x_wconf 86' lang='lat' dir='ltr'><strong>Maria</strong></span> <span class='ocrx_word' id='word_1_38' title='bbox 444 445 667 511; x_wconf 87' lang='lat' dir='ltr'><strong>Cleophe</strong></span> <span class='ocrx_word' id='word_1_39' title='bbox 687 445 736 494; x_wconf 70' lang='lat' dir='ltr'><strong>&lt;Sc</strong></span> <span class='ocrx_word' id='word_1_40' title='bbox 760 446 908 493; x_wconf 85' lang='lat' dir='ltr'><strong>Maria</strong></span> <span class='ocrx_word' id='word_1_41' title='bbox 929 443 1212 508; x_wconf 88' lang='lat' dir='ltr'><strong>Magdalena</strong></span> <span class='ocrx_word' id='word_1_42' title='bbox 1234 459 1255 491; x_wconf 46' lang='lat'><strong>:⁷</strong></span> <span class='ocrx_word' id='word_1_43' title='bbox 1282 449 1337 491; x_wconf 84' lang='lat' dir='ltr'><strong>Et</strong></span> <span class='ocrx_word' id='word_1_44' title='bbox 1356 448 1542 508; x_wconf 77' lang='lat' dir='ltr'><strong>reliqua·</strong></span> 
     </span>
    </p>
   </div>
   <div class='ocr_carea' id='block_1_2' title="bbox 29 522 2249 1331">
    <p class='ocr_par' dir='ltr' id='par_1_3' title="bbox 29 522 2249 1118">
     <span class='ocr_line' id='line_1_6' title="bbox 243 522 2239 589; baseline -0.002 -14"><span class='ocrx_word' id='word_1_45' title='bbox 243 529 454 576; x_wconf 76' lang='lat' dir='ltr'><strong>Homelia.</strong></span> <span class='ocrx_word' id='word_1_46' title='bbox 522 526 766 576; x_wconf 86' lang='lat' dir='ltr'><strong>Salvatore</strong></span> <span class='ocrx_word' id='word_1_47' title='bbox 788 525 970 582; x_wconf 83' lang='lat' dir='ltr'><strong>nostro,</strong></span> <span class='ocrx_word' id='word_1_48' title='bbox 991 522 1285 581; x_wconf 64' lang='lat' dir='ltr'><strong>dileetiffimi,</strong></span> <span class='ocrx_word' id='word_1_49' title='bbox 1306 525 1615 573; x_wconf 78' lang='lat' dir='ltr'><strong>redemtionis</strong></span> <span class='ocrx_word' id='word_1_50' title='bbox 1635 523 1801 571; x_wconf 83' lang='lat' dir='ltr'><strong>nostrae</strong></span> <span class='ocrx_word' id='word_1_51' title='bbox 1821 523 2085 588; x_wconf 82' lang='lat' dir='ltr'><strong>mysterium</strong></span> <span class='ocrx_word' id='word_1_52' title='bbox 2104 539 2239 589; x_wconf 85' lang='lat' dir='ltr'><strong>pera-</strong></span> 
     </span>
     <span class='ocr_line' id='line_1_7' title="bbox 47 588 2238 664; baseline -0.003 -19"><span class='ocrx_word' id='word_1_53' title='bbox 47 605 217 664; x_wconf 80' lang='lat' dir='ltr'><strong>gente,</strong></span> <span class='ocrx_word' id='word_1_54' title='bbox 255 597 303 646; x_wconf 81' lang='lat'>&amp;</span> <span class='ocrx_word' id='word_1_55' title='bbox 323 594 594 660; x_wconf 86' lang='lat' dir='ltr'><strong>triumphali</strong></span> <span class='ocrx_word' id='word_1_56' title='bbox 615 594 831 659; x_wconf 85' lang='lat' dir='ltr'><strong>potentia</strong></span> <span class='ocrx_word' id='word_1_57' title='bbox 853 601 1020 640; x_wconf 85' lang='lat' dir='ltr'><strong>contra</strong></span> <span class='ocrx_word' id='word_1_58' title='bbox 1040 588 1180 654; x_wconf 88' lang='lat' dir='ltr'><strong>hujus</strong></span> <span class='ocrx_word' id='word_1_59' title='bbox 1200 594 1364 640; x_wconf 88' lang='lat' dir='ltr'><strong>mundi</strong></span> <span class='ocrx_word' id='word_1_60' title='bbox 1383 592 1653 656; x_wconf 83' lang='lat' dir='ltr'><strong>Principem</strong></span> <span class='ocrx_word' id='word_1_61' title='bbox 1666 593 1712 639; x_wconf 87' lang='lat' dir='ltr'><strong>in</strong></span> <span class='ocrx_word' id='word_1_62' title='bbox 1733 606 1888 654; x_wconf 86' lang='lat' dir='ltr'><strong>agone</strong></span> <span class='ocrx_word' id='word_1_63' title='bbox 1908 592 2057 639; x_wconf 90' lang='lat' dir='ltr'><strong>crucis</strong></span> <span class='ocrx_word' id='word_1_64' title='bbox 2078 593 2238 639; x_wconf 83' lang='lat' dir='ltr'><strong>decer-</strong></span> 
     </span>
     <span class='ocr_line' id='line_1_8' title="bbox 29 658 2238 727; baseline -0.004 -14"><span class='ocrx_word' id='word_1_65' title='bbox 29 671 196 727; x_wconf 82' lang='lat' dir='ltr'><strong>tante,</strong></span> <span class='ocrx_word' id='word_1_66' title='bbox 218 665 499 712; x_wconf 88' lang='lat' dir='ltr'><strong>intemerata</strong></span> <span class='ocrx_word' id='word_1_67' title='bbox 522 662 657 724; x_wconf 87' lang='lat' dir='ltr'><strong>virgo</strong></span> <span class='ocrx_word' id='word_1_68' title='bbox 680 660 829 708; x_wconf 82' lang='lat' dir='ltr'><strong>Maria</strong></span> <span class='ocrx_word' id='word_1_69' title='bbox 851 667 1076 725; x_wconf 81' lang='lat' dir='ltr'><strong>tanquam</strong></span> <span class='ocrx_word' id='word_1_70' title='bbox 1104 664 1256 706; x_wconf 87' lang='lat' dir='ltr'><strong>mater</strong></span> <span class='ocrx_word' id='word_1_71' title='bbox 1276 659 1326 707; x_wconf 84' lang='lat'>&amp;</span> <span class='ocrx_word' id='word_1_72' title='bbox 1348 659 1512 723; x_wconf 87' lang='lat' dir='ltr'><strong>sponsa</strong></span> <span class='ocrx_word' id='word_1_73' title='bbox 1543 659 1776 705; x_wconf 88' lang='lat' dir='ltr'><strong>morituro</strong></span> <span class='ocrx_word' id='word_1_74' title='bbox 1797 658 2061 705; x_wconf 73' lang='lat' dir='ltr'><strong>familiarius</strong></span> <span class='ocrx_word' id='word_1_75' title='bbox 2095 666 2238 722; x_wconf 90' lang='lat' dir='ltr'><strong>atque</strong></span> 
     </span>
     <span class='ocr_line' id='line_1_9' title="bbox 44 723 2243 791; baseline -0.005 -11"><span class='ocrx_word' id='word_1_76' title='bbox 44 732 264 780; x_wconf 84' lang='lat' dir='ltr'><strong>devotius</strong></span> <span class='ocrx_word' id='word_1_77' title='bbox 286 727 514 778; x_wconf 82' lang='lat' dir='ltr'><strong>affistebat</strong></span> <span class='ocrx_word' id='word_1_78' title='bbox 541 725 675 791; x_wconf 79' lang='lat' dir='ltr'><strong>cujus</strong></span> <span class='ocrx_word' id='word_1_79' title='bbox 707 723 1029 776; x_wconf 60' lang='lat' dir='ltr'><strong>saneiiffimam</strong></span> <span class='ocrx_word' id='word_1_80' title='bbox 1059 732 1261 774; x_wconf 85' lang='lat' dir='ltr'><strong>matrem</strong></span> <span class='ocrx_word' id='word_1_81' title='bbox 1284 733 1436 774; x_wconf 88' lang='lat' dir='ltr'><strong>totam</strong></span> <span class='ocrx_word' id='word_1_82' title='bbox 1461 723 1728 790; x_wconf 79' lang='lat' dir='ltr'><strong>poisederat</strong></span> <span class='ocrx_word' id='word_1_83' title='bbox 1748 727 1818 775; x_wconf 84' lang='lat' dir='ltr'><strong>vis</strong></span> <span class='ocrx_word' id='word_1_84' title='bbox 1846 723 2022 772; x_wconf 88' lang='lat' dir='ltr'><strong>doloris</strong></span> <span class='ocrx_word' id='word_1_85' title='bbox 2046 724 2093 770; x_wconf 91' lang='lat' dir='ltr'><strong>in</strong></span> <span class='ocrx_word' id='word_1_86' title='bbox 2115 723 2243 771; x_wconf 65' lang='lat' dir='ltr'><strong>testi-v</strong></span> 
     </span>
     <span class='ocr_line' id='line_1_10' title="bbox 43 790 2236 857; baseline -0.004 -11"><span class='ocrx_word' id='word_1_87' title='bbox 43 800 260 846; x_wconf 89' lang='lat' dir='ltr'><strong>monium</strong></span> <span class='ocrx_word' id='word_1_88' title='bbox 282 794 527 844; x_wconf 84' lang='lat' dir='ltr'><strong>ineffabilis</strong></span> <span class='ocrx_word' id='word_1_89' title='bbox 549 795 599 845; x_wconf 73' lang='lat' dir='ltr'><strong>&lt;Sc</strong></span> <span class='ocrx_word' id='word_1_90' title='bbox 621 794 790 841; x_wconf 86' lang='lat' dir='ltr'><strong>eximie</strong></span> <span class='ocrx_word' id='word_1_91' title='bbox 823 791 1087 841; x_wconf 72' lang='lat' dir='ltr'><strong>dileffionis</strong></span> <span class='ocrx_word' id='word_1_92' title='bbox 1110 825 1125 850; x_wconf 88' lang='lat'>,</span> <span class='ocrx_word' id='word_1_93' title='bbox 1162 794 1325 853; x_wconf 87' lang='lat' dir='ltr'><strong>Beato.</strong></span> <span class='ocrx_word' id='word_1_94' title='bbox 1390 793 1636 857; x_wconf 84' lang='lat' dir='ltr'><strong>Siquidem</strong></span> <span class='ocrx_word' id='word_1_95' title='bbox 1667 792 1776 856; x_wconf 87' lang='lat' dir='ltr'><strong>igne</strong></span> <span class='ocrx_word' id='word_1_96' title='bbox 1811 791 1958 841; x_wconf 87' lang='lat' dir='ltr'><strong>divini</strong></span> <span class='ocrx_word' id='word_1_97' title='bbox 1979 790 2148 838; x_wconf 89' lang='lat' dir='ltr'><strong>amoris</strong></span> <span class='ocrx_word' id='word_1_98' title='bbox 2168 790 2236 838; x_wconf 80' lang='lat' dir='ltr'><strong>in-</strong></span> 
     </span>
     <span class='ocr_line' id='line_1_11' title="bbox 42 858 2238 928; baseline -0.004 -16"><span class='ocrx_word' id='word_1_99' title='bbox 42 864 281 913; x_wconf 83' lang='lat' dir='ltr'><strong>flammata</strong></span> <span class='ocrx_word' id='word_1_100' title='bbox 304 865 353 914; x_wconf 84' lang='lat'>&amp;</span> <span class='ocrx_word' id='word_1_101' title='bbox 375 869 602 928; x_wconf 84' lang='lat' dir='ltr'><strong>perae-uto</strong></span> <span class='ocrx_word' id='word_1_102' title='bbox 626 859 864 925; x_wconf 85' lang='lat' dir='ltr'><strong>spicilegio</strong></span> <span class='ocrx_word' id='word_1_103' title='bbox 898 860 1102 909; x_wconf 86' lang='lat' dir='ltr'><strong>caritatis</strong></span> <span class='ocrx_word' id='word_1_104' title='bbox 1126 859 1373 909; x_wconf 87' lang='lat' dir='ltr'><strong>vulnerata</strong></span> <span class='ocrx_word' id='word_1_105' title='bbox 1398 859 1597 908; x_wconf 85' lang='lat' dir='ltr'><strong>calicem</strong></span> <span class='ocrx_word' id='word_1_106' title='bbox 1617 858 1836 925; x_wconf 73' lang='lat' dir='ltr'><strong>passionis</strong></span> <span class='ocrx_word' id='word_1_107' title='bbox 1858 893 1873 916; x_wconf 78' lang='lat'>,</span> <span class='ocrx_word' id='word_1_108' title='bbox 1911 873 2054 922; x_wconf 88' lang='lat' dir='ltr'><strong>quern</strong></span> <span class='ocrx_word' id='word_1_109' title='bbox 2077 858 2238 921; x_wconf 85' lang='lat' dir='ltr'><strong>unige-</strong></span> 
     </span>
     <span class='ocr_line' id='line_1_12' title="bbox 46 925 2249 993; baseline -0.004 -14"><span class='ocrx_word' id='word_1_110' title='bbox 46 933 170 980; x_wconf 84' lang='lat' dir='ltr'><strong>nitus</strong></span> <span class='ocrx_word' id='word_1_111' title='bbox 196 932 296 980; x_wconf 85' lang='lat' dir='ltr'><strong>suus</strong></span> <span class='ocrx_word' id='word_1_112' title='bbox 321 944 524 993; x_wconf 89' lang='lat' dir='ltr'><strong>corpore</strong></span> <span class='ocrx_word' id='word_1_113' title='bbox 546 929 639 993; x_wconf 87' lang='lat' dir='ltr'><strong>ipsa</strong></span> <span class='ocrx_word' id='word_1_114' title='bbox 664 942 856 992; x_wconf 88' lang='lat' dir='ltr'><strong>quoque</strong></span> <span class='ocrx_word' id='word_1_115' title='bbox 879 928 1073 975; x_wconf 86' lang='lat' dir='ltr'><strong>bibebat</strong></span> <span class='ocrx_word' id='word_1_116' title='bbox 1097 928 1280 984; x_wconf 86' lang='lat' dir='ltr'><strong>Matre,</strong></span> <span class='ocrx_word' id='word_1_117' title='bbox 1313 927 1362 977; x_wconf 71' lang='grc' dir='ltr'><strong>ὅ(</strong></span> <span class='ocrx_word' id='word_1_118' title='bbox 1380 925 1519 991; x_wconf 84' lang='lat' dir='ltr'><strong>juxta</strong></span> <span class='ocrx_word' id='word_1_119' title='bbox 1534 928 1798 976; x_wconf 87' lang='lat' dir='ltr'><strong>veridicum</strong></span> <span class='ocrx_word' id='word_1_120' title='bbox 1821 925 2057 974; x_wconf 86' lang='lat' dir='ltr'><strong>Simeonis</strong></span> <span class='ocrx_word' id='word_1_121' title='bbox 2077 938 2249 971; x_wconf 71' lang='lat' dir='ltr'><strong>oracta--</strong></span> 
     </span>
     <span class='ocr_line' id='line_1_13' title="bbox 43 990 2239 1063; baseline -0.005 -16"><span class='ocrx_word' id='word_1_122' title='bbox 43 999 138 1047; x_wconf 89' lang='lat' dir='ltr'><strong>lum</strong></span> <span class='ocrx_word' id='word_1_123' title='bbox 163 1017 176 1046; x_wconf 70' lang='grc' dir='ltr'><strong>ι</strong></span> <span class='ocrx_word' id='word_1_124' title='bbox 214 997 547 1063; x_wconf 83' lang='lat' dir='ltr'><strong>persecutionis</strong></span> <span class='ocrx_word' id='word_1_125' title='bbox 579 995 756 1060; x_wconf 82' lang='lat' dir='ltr'><strong>gladius</strong></span> <span class='ocrx_word' id='word_1_126' title='bbox 788 995 1041 1060; x_wconf 84' lang='lat' dir='ltr'><strong>pretiosam</strong></span> <span class='ocrx_word' id='word_1_127' title='bbox 1071 994 1207 1061; x_wconf 81' lang='lat' dir='ltr'><strong>ipsius</strong></span> <span class='ocrx_word' id='word_1_128' title='bbox 1230 995 1436 1043; x_wconf 85' lang='lat' dir='ltr'><strong>animam</strong></span> <span class='ocrx_word' id='word_1_129' title='bbox 1469 994 1778 1060; x_wconf 77' lang='lat' dir='ltr'><strong>pertransiens</strong></span> <span class='ocrx_word' id='word_1_130' title='bbox 1801 991 2050 1059; x_wconf 88' lang='lat' dir='ltr'><strong>multiplici</strong></span> <span class='ocrx_word' id='word_1_131' title='bbox 2071 990 2239 1039; x_wconf 84' lang='lat' dir='ltr'><strong>dolore</strong></span> 
     </span>
     <span class='ocr_line' id='line_1_14' title="bbox 42 1065 613 1118; baseline -0.011 -3"><span class='ocrx_word' id='word_1_132' title='bbox 42 1065 333 1116; x_wconf 75' lang='lat' dir='ltr'><strong>vulnerabat.</strong></span> <span class='ocrx_word' id='word_1_133' title='bbox 538 1111 542 1112; x_wconf 17' lang='lat'><em>⁷</em></span> <span class='ocrx_word' id='word_1_134' title='bbox 608 1106 613 1118; x_wconf 44' lang='lat' dir='ltr'><em>s</em></span> 
     </span>
    </p>

    <p class='ocr_par' dir='ltr' id='par_1_4' title="bbox 45 1125 2237 1263">
     <span class='ocr_line' id='line_1_15' title="bbox 224 1125 2237 1195; baseline -0.003 -16"><span class='ocrx_word' id='word_1_135' title='bbox 224 1131 546 1191; x_wconf 83' lang='lat' dir='ltr'><strong>Responsorium.</strong></span> <span class='ocrx_word' id='word_1_136' title='bbox 617 1128 878 1180; x_wconf 86' lang='lat' dir='ltr'><strong>Consolare</strong></span> <span class='ocrx_word' id='word_1_137' title='bbox 899 1128 962 1177; x_wconf 84' lang='lat' dir='ltr'><strong>fili</strong></span> <span class='ocrx_word' id='word_1_138' title='bbox 983 1130 1111 1178; x_wconf 90' lang='lat' dir='ltr'><strong>bone</strong></span> <span class='ocrx_word' id='word_1_139' title='bbox 1132 1164 1148 1188; x_wconf 86' lang='lat'>,</span> <span class='ocrx_word' id='word_1_140' title='bbox 1202 1132 1281 1195; x_wconf 90' lang='lat' dir='ltr'><strong>qui</strong></span> <span class='ocrx_word' id='word_1_141' title='bbox 1302 1130 1485 1179; x_wconf 86' lang='lat' dir='ltr'><strong>laboras</strong></span> <span class='ocrx_word' id='word_1_142' title='bbox 1512 1131 1561 1179; x_wconf 88' lang='lat' dir='ltr'><strong>in</strong></span> <span class='ocrx_word' id='word_1_143' title='bbox 1584 1144 1740 1194; x_wconf 87' lang='lat' dir='ltr'><strong>agone</strong></span> <span class='ocrx_word' id='word_1_144' title='bbox 1767 1126 1965 1176; x_wconf 90' lang='lat' dir='ltr'><strong>mestam</strong></span> <span class='ocrx_word' id='word_1_145' title='bbox 1991 1125 2237 1190; x_wconf 54' lang='lat' dir='ltr'><strong>muliercuf</strong></span> 
     </span>
     <span class='ocr_line' id='line_1_16' title="bbox 45 1195 1922 1263; baseline -0.002 -15"><span class='ocrx_word' id='word_1_146' title='bbox 45 1197 154 1249; x_wconf 84' lang='lat' dir='ltr'><strong>lam.</strong></span> <span class='ocrx_word' id='word_1_147' title='bbox 225 1198 377 1246; x_wconf 89' lang='lat' dir='ltr'><strong>Cordi</strong></span> <span class='ocrx_word' id='word_1_148' title='bbox 396 1206 483 1245; x_wconf 88' lang='lat' dir='ltr'><strong>tuo</strong></span> <span class='ocrx_word' id='word_1_149' title='bbox 502 1197 770 1262; x_wconf 88' lang='lat' dir='ltr'><strong>superpone</strong></span> <span class='ocrx_word' id='word_1_150' title='bbox 799 1199 877 1263; x_wconf 91' lang='lat' dir='ltr'><strong>spe</strong></span> <span class='ocrx_word' id='word_1_151' title='bbox 903 1199 1134 1246; x_wconf 85' lang='lat' dir='ltr'><strong>mercedis</strong></span> <span class='ocrx_word' id='word_1_152' title='bbox 1159 1197 1209 1247; x_wconf 70' lang='grc' dir='ltr'><strong>ὅ(</strong></span> <span class='ocrx_word' id='word_1_153' title='bbox 1230 1213 1412 1246; x_wconf 88' lang='lat' dir='ltr'><strong>corone</strong></span> <span class='ocrx_word' id='word_1_154' title='bbox 1435 1196 1653 1245; x_wconf 87' lang='lat' dir='ltr'><strong>castitatis</strong></span> <span class='ocrx_word' id='word_1_155' title='bbox 1682 1195 1922 1262; x_wconf 85' lang='lat' dir='ltr'><strong>peffulam.</strong></span> 
     </span>
    </p>

    <p class='ocr_par' dir='ltr' id='par_1_5' title="bbox 241 1264 1701 1331">
     <span class='ocr_line' id='line_1_17' title="bbox 241 1264 1701 1331; baseline -0.001 -17"><span class='ocrx_word' id='word_1_156' title='bbox 241 1267 402 1328; x_wconf 76' lang='lat' dir='ltr'><strong>Versus.</strong></span> <span class='ocrx_word' id='word_1_157' title='bbox 470 1266 596 1313; x_wconf 90' lang='lat' dir='ltr'><strong>Nam</strong></span> <span class='ocrx_word' id='word_1_158' title='bbox 614 1267 805 1315; x_wconf 87' lang='lat' dir='ltr'><strong>mordet</strong></span> <span class='ocrx_word' id='word_1_159' title='bbox 823 1265 1032 1331; x_wconf 86' lang='lat' dir='ltr'><strong>graviter</strong></span> <span class='ocrx_word' id='word_1_160' title='bbox 1051 1266 1278 1315; x_wconf 84' lang='lat' dir='ltr'><strong>discordia</strong></span> <span class='ocrx_word' id='word_1_161' title='bbox 1302 1264 1467 1331; x_wconf 62' lang='lat' dir='ltr'><strong>petius</strong></span> <span class='ocrx_word' id='word_1_162' title='bbox 1485 1265 1701 1313; x_wconf 88' lang='lat' dir='ltr'><strong>amantis.</strong></span> 
     </span>
    </p>
   </div>
   <div class='ocr_carea' id='block_1_3' title="bbox 42 1351 2237 1617">
    <p class='ocr_par' dir='ltr' id='par_1_6' title="bbox 42 1351 2237 1617">
     <span class='ocr_line' id='line_1_18' title="bbox 242 1351 2236 1483; baseline -0.004 -20"><span class='ocrx_word' id='word_1_163' title='bbox 242 1416 362 1483; x_wconf 85' lang='lat' dir='ltr'><strong>Qis</strong></span> <span class='ocrx_word' id='word_1_164' title='bbox 384 1392 510 1463; x_wconf 67' lang='lat' dir='ltr'><strong>enim</strong></span> <span class='ocrx_word' id='word_1_165' title='bbox 532 1416 673 1478; x_wconf 81' lang='lat' dir='ltr'><strong>digne</strong></span> <span class='ocrx_word' id='word_1_166' title='bbox 697 1414 855 1462; x_wconf 80' lang='lat' dir='ltr'><strong>valeat</strong></span> <span class='ocrx_word' id='word_1_167' title='bbox 878 1351 1422 1479; x_wconf 46' lang='lat' dir='ltr'><strong>explilgalrleoqffgldolore</strong></span> <span class='ocrx_word' id='word_1_168' title='bbox 1454 1414 1621 1477; x_wconf 87' lang='lat' dir='ltr'><strong>quibus</strong></span> <span class='ocrx_word' id='word_1_169' title='bbox 1646 1412 1857 1460; x_wconf 84' lang='lat' dir='ltr'><strong>estuebat</strong></span> <span class='ocrx_word' id='word_1_170' title='bbox 1876 1408 2121 1459; x_wconf 71' lang='lat' dir='ltr'><strong>affeE&#39;tibus</strong></span> <span class='ocrx_word' id='word_1_171' title='bbox 2142 1424 2236 1457; x_wconf 87' lang='lat' dir='ltr'><strong>ma-</strong></span> 
     </span>
     <span class='ocr_line' id='line_1_19' title="bbox 44 1479 2237 1548; baseline -0.005 -14"><span class='ocrx_word' id='word_1_172' title='bbox 44 1492 116 1534; x_wconf 76' lang='lat' dir='ltr'><strong>ter</strong></span> <span class='ocrx_word' id='word_1_173' title='bbox 139 1480 274 1548; x_wconf 86' lang='lat' dir='ltr'><strong>super</strong></span> <span class='ocrx_word' id='word_1_174' title='bbox 298 1485 485 1530; x_wconf 86' lang='lat' dir='ltr'><strong>unicum</strong></span> <span class='ocrx_word' id='word_1_175' title='bbox 509 1481 671 1545; x_wconf 89' lang='lat' dir='ltr'><strong>sponsa</strong></span> <span class='ocrx_word' id='word_1_176' title='bbox 695 1481 830 1546; x_wconf 87' lang='lat' dir='ltr'><strong>super</strong></span> <span class='ocrx_word' id='word_1_177' title='bbox 850 1481 1066 1547; x_wconf 89' lang='lat' dir='ltr'><strong>sponsum</strong></span> <span class='ocrx_word' id='word_1_178' title='bbox 1087 1483 1349 1530; x_wconf 88' lang='lat' dir='ltr'><strong>Dominum</strong></span> <span class='ocrx_word' id='word_1_179' title='bbox 1384 1482 1482 1546; x_wconf 89' lang='lat' dir='ltr'><strong>pati</strong></span> <span class='ocrx_word' id='word_1_180' title='bbox 1506 1480 1781 1545; x_wconf 78' lang='lat' dir='ltr'><strong>conspicere</strong></span> <span class='ocrx_word' id='word_1_181' title='bbox 1817 1495 1872 1526; x_wconf 86' lang='lat' dir='ltr'><strong>ac</strong></span> <span class='ocrx_word' id='word_1_182' title='bbox 1894 1479 2017 1525; x_wconf 91' lang='lat' dir='ltr'><strong>mori</strong></span> <span class='ocrx_word' id='word_1_183' title='bbox 2040 1510 2056 1535; x_wconf 82' lang='lat'><strong>‚</strong></span> <span class='ocrx_word' id='word_1_184' title='bbox 2093 1491 2237 1541; x_wconf 89' lang='lat' dir='ltr'><strong>quem</strong></span> 
     </span>
     <span class='ocr_line' id='line_1_20' title="bbox 42 1542 2208 1617; baseline -0.005 -17"><span class='ocrx_word' id='word_1_185' title='bbox 42 1559 269 1617; x_wconf 78' lang='lat' dir='ltr'><strong>tanquam</strong></span> <span class='ocrx_word' id='word_1_186' title='bbox 293 1549 578 1597; x_wconf 87' lang='lat' dir='ltr'><strong>Creatorem</strong></span> <span class='ocrx_word' id='word_1_187' title='bbox 603 1547 651 1597; x_wconf 73' lang='grc' dir='ltr'><strong>ὅ(</strong></span> <span class='ocrx_word' id='word_1_188' title='bbox 671 1548 930 1596; x_wconf 90' lang='lat' dir='ltr'><strong>Dominum</strong></span> <span class='ocrx_word' id='word_1_189' title='bbox 955 1556 1064 1597; x_wconf 89' lang='lat' dir='ltr'><strong>toto</strong></span> <span class='ocrx_word' id='word_1_190' title='bbox 1089 1550 1265 1606; x_wconf 79' lang='lat' dir='ltr'><strong>corde,</strong></span> <span class='ocrx_word' id='word_1_191' title='bbox 1301 1555 1405 1596; x_wconf 86' lang='lat' dir='ltr'><strong>tota</strong></span> <span class='ocrx_word' id='word_1_192' title='bbox 1428 1548 1608 1604; x_wconf 80' lang='lat' dir='ltr'><strong>anima,</strong></span> <span class='ocrx_word' id='word_1_193' title='bbox 1644 1554 1749 1594; x_wconf 87' lang='lat' dir='ltr'><strong>tota</strong></span> <span class='ocrx_word' id='word_1_194' title='bbox 1771 1547 1946 1596; x_wconf 88' lang='lat' dir='ltr'><strong>virtute</strong></span> <span class='ocrx_word' id='word_1_195' title='bbox 1969 1542 2208 1607; x_wconf 89' lang='lat' dir='ltr'><strong>diligebat.</strong></span> 
     </span>
    </p>
   </div>
   <div class='ocr_carea' id='block_1_4' title="bbox 20 1631 2242 2236">
    <p class='ocr_par' dir='ltr' id='par_1_7' title="bbox 42 1631 2242 1834">
     <span class='ocr_line' id='line_1_21' title="bbox 214 1631 2238 1704; baseline -0.003 -19"><span class='ocrx_word' id='word_1_196' title='bbox 214 1638 445 1704; x_wconf 84' lang='lat' dir='ltr'><strong>Qamvis</strong></span> <span class='ocrx_word' id='word_1_197' title='bbox 468 1638 595 1684; x_wconf 90' lang='lat' dir='ltr'><strong>enim</strong></span> <span class='ocrx_word' id='word_1_198' title='bbox 619 1635 819 1700; x_wconf 84' lang='lat' dir='ltr'><strong>gloriosa</strong></span> <span class='ocrx_word' id='word_1_199' title='bbox 841 1638 977 1701; x_wconf 85' lang='lat' dir='ltr'><strong>virgo</strong></span> <span class='ocrx_word' id='word_1_200' title='bbox 995 1634 1097 1699; x_wconf 89' lang='lat' dir='ltr'><strong>jam</strong></span> <span class='ocrx_word' id='word_1_201' title='bbox 1123 1634 1238 1683; x_wconf 66' lang='lat' dir='ltr'><strong>estet</strong></span> <span class='ocrx_word' id='word_1_202' title='bbox 1258 1636 1306 1682; x_wconf 89' lang='lat' dir='ltr'><strong>in</strong></span> <span class='ocrx_word' id='word_1_203' title='bbox 1330 1636 1502 1700; x_wconf 87' lang='lat' dir='ltr'><strong>Spiritu</strong></span> <span class='ocrx_word' id='word_1_204' title='bbox 1522 1668 1537 1692; x_wconf 83' lang='lat'>,</span> <span class='ocrx_word' id='word_1_205' title='bbox 1572 1634 1621 1683; x_wconf 69' lang='grc' dir='ltr'><strong>ὅ(</strong></span> <span class='ocrx_word' id='word_1_206' title='bbox 1645 1641 1749 1680; x_wconf 84' lang='lat' dir='ltr'><strong>tota</strong></span> <span class='ocrx_word' id='word_1_207' title='bbox 1770 1633 1953 1697; x_wconf 84' lang='lat' dir='ltr'><strong>superni</strong></span> <span class='ocrx_word' id='word_1_208' title='bbox 1976 1631 2149 1679; x_wconf 87' lang='lat' dir='ltr'><strong>amoris</strong></span> <span class='ocrx_word' id='word_1_209' title='bbox 2170 1631 2238 1678; x_wconf 88' lang='lat' dir='ltr'><strong>in·</strong></span> 
     </span>
     <span class='ocr_line' id='line_1_22' title="bbox 44 1699 2242 1766; baseline -0.004 -12"><span class='ocrx_word' id='word_1_210' title='bbox 44 1705 302 1755; x_wconf 78' lang='lat' dir='ltr'><strong>canduiffet</strong></span> <span class='ocrx_word' id='word_1_211' title='bbox 321 1704 563 1751; x_wconf 84' lang='lat' dir='ltr'><strong>ardoribus</strong></span> <span class='ocrx_word' id='word_1_212' title='bbox 582 1704 630 1750; x_wconf 92' lang='lat' dir='ltr'><strong>in</strong></span> <span class='ocrx_word' id='word_1_213' title='bbox 654 1719 794 1751; x_wconf 89' lang='lat' dir='ltr'><strong>carne</strong></span> <span class='ocrx_word' id='word_1_214' title='bbox 815 1711 916 1750; x_wconf 90' lang='lat' dir='ltr'><strong>tum</strong></span> <span class='ocrx_word' id='word_1_215' title='bbox 938 1718 1134 1750; x_wconf 83' lang='lat' dir='ltr'><strong>manens</strong></span> <span class='ocrx_word' id='word_1_216' title='bbox 1149 1702 1642 1750; x_wconf 74' lang='lat' dir='ltr'><strong>sensibusmovebatur</strong></span> <span class='ocrx_word' id='word_1_217' title='bbox 1663 1701 1830 1748; x_wconf 86' lang='lat' dir='ltr'><strong>carnis.</strong></span> <span class='ocrx_word' id='word_1_218' title='bbox 1902 1699 2028 1766; x_wconf 81' lang='lat' dir='ltr'><strong>Qia</strong></span> <span class='ocrx_word' id='word_1_219' title='bbox 2049 1699 2242 1748; x_wconf 82' lang='lat' dir='ltr'><strong>&amp;amor</strong></span> 
     </span>
     <span class='ocr_line' id='line_1_23' title="bbox 42 1767 2241 1834; baseline -0.003 -14"><span class='ocrx_word' id='word_1_220' title='bbox 42 1773 239 1821; x_wconf 86' lang='lat' dir='ltr'><strong>eximius</strong></span> <span class='ocrx_word' id='word_1_221' title='bbox 261 1771 452 1819; x_wconf 86' lang='lat' dir='ltr'><strong>videndi</strong></span> <span class='ocrx_word' id='word_1_222' title='bbox 476 1769 714 1818; x_wconf 81' lang='lat' dir='ltr'><strong>Christum</strong></span> <span class='ocrx_word' id='word_1_223' title='bbox 748 1771 960 1834; x_wconf 85' lang='lat' dir='ltr'><strong>pariebat</strong></span> <span class='ocrx_word' id='word_1_224' title='bbox 993 1769 1267 1817; x_wconf 84' lang='lat' dir='ltr'><strong>defiderium</strong></span> <span class='ocrx_word' id='word_1_225' title='bbox 1302 1769 1351 1818; x_wconf 70' lang='grc' dir='ltr'><strong>ὃ(</strong></span> <span class='ocrx_word' id='word_1_226' title='bbox 1372 1768 1468 1817; x_wconf 88' lang='lat' dir='ltr'><strong>visu</strong></span> <span class='ocrx_word' id='word_1_227' title='bbox 1491 1768 1629 1816; x_wconf 88' lang='lat' dir='ltr'><strong>beata</strong></span> <span class='ocrx_word' id='word_1_228' title='bbox 1653 1767 1858 1814; x_wconf 89' lang='lat' dir='ltr'><strong>dulcedo</strong></span> <span class='ocrx_word' id='word_1_229' title='bbox 1881 1768 2121 1831; x_wconf 84' lang='lat' dir='ltr'><strong>quoddam</strong></span> <span class='ocrx_word' id='word_1_230' title='bbox 2145 1767 2241 1814; x_wconf 88' lang='lat' dir='ltr'><strong>exi-</strong></span> 
     </span>
    </p>

    <p class='ocr_par' dir='ltr' id='par_1_8' title="bbox 20 1833 2240 2236">
     <span class='ocr_line' id='line_1_24' title="bbox 20 1833 2240 1903; baseline -0.003 -15"><span class='ocrx_word' id='word_1_231' title='bbox 20 1842 140 1893; x_wconf 61' lang='lat' dir='ltr'><strong>,mio</strong></span> <span class='ocrx_word' id='word_1_232' title='bbox 161 1838 391 1903; x_wconf 87' lang='lat' dir='ltr'><strong>prebebat</strong></span> <span class='ocrx_word' id='word_1_233' title='bbox 415 1839 566 1886; x_wconf 90' lang='lat' dir='ltr'><strong>amori</strong></span> <span class='ocrx_word' id='word_1_234' title='bbox 588 1837 815 1885; x_wconf 79' lang='lat' dir='ltr'><strong>solatIum.</strong></span> <span class='ocrx_word' id='word_1_235' title='bbox 885 1837 1046 1885; x_wconf 84' lang='lat' dir='ltr'><strong>Habet</strong></span> <span class='ocrx_word' id='word_1_236' title='bbox 1073 1837 1169 1884; x_wconf 91' lang='lat' dir='ltr'><strong>hoc</strong></span> <span class='ocrx_word' id='word_1_237' title='bbox 1195 1836 1371 1902; x_wconf 88' lang='lat' dir='ltr'><strong>quippe</strong></span> <span class='ocrx_word' id='word_1_238' title='bbox 1397 1833 1609 1900; x_wconf 72' lang='lat' dir='ltr'><strong>perfe&amp;a</strong></span> <span class='ocrx_word' id='word_1_239' title='bbox 1630 1835 1830 1883; x_wconf 87' lang='lat' dir='ltr'><strong>charitas</strong></span> <span class='ocrx_word' id='word_1_240' title='bbox 1851 1867 1865 1891; x_wconf 82' lang='lat'>,</span> <span class='ocrx_word' id='word_1_241' title='bbox 1901 1842 1954 1881; x_wconf 89' lang='lat' dir='ltr'><strong>ut</strong></span> <span class='ocrx_word' id='word_1_242' title='bbox 1974 1841 2240 1882; x_wconf 88' lang='lat' dir='ltr'><strong>creatorem</strong></span> 
     </span>
     <span class='ocr_line' id='line_1_25' title="bbox 42 1900 2237 1970; baseline -0.003 -15"><span class='ocrx_word' id='word_1_243' title='bbox 42 1909 171 1956; x_wconf 76' lang='lat' dir='ltr'><strong>iuum</strong></span> <span class='ocrx_word' id='word_1_244' title='bbox 195 1920 347 1970; x_wconf 84' lang='lat' dir='ltr'><strong>quem·</strong></span> <span class='ocrx_word' id='word_1_245' title='bbox 366 1912 493 1952; x_wconf 91' lang='lat' dir='ltr'><strong>amat</strong></span> <span class='ocrx_word' id='word_1_246' title='bbox 523 1907 706 1969; x_wconf 88' lang='lat' dir='ltr'><strong>semper</strong></span> <span class='ocrx_word' id='word_1_247' title='bbox 738 1903 967 1952; x_wconf 70' lang='lat' dir='ltr'><strong>desideret</strong></span> <span class='ocrx_word' id='word_1_248' title='bbox 991 1903 1084 1952; x_wconf 80' lang='lat' dir='ltr'><strong>sine</strong></span> <span class='ocrx_word' id='word_1_249' title='bbox 1108 1902 1276 1952; x_wconf 87' lang='lat' dir='ltr'><strong>fastidii</strong></span> <span class='ocrx_word' id='word_1_250' title='bbox 1298 1903 1517 1952; x_wconf 87' lang='lat' dir='ltr'><strong>sacietate</strong></span> <span class='ocrx_word' id='word_1_251' title='bbox 1538 1904 1746 1968; x_wconf 87' lang='lat' dir='ltr'><strong>requirat</strong></span> <span class='ocrx_word' id='word_1_252' title='bbox 1762 1935 1778 1960; x_wconf 85' lang='lat'>,</span> <span class='ocrx_word' id='word_1_253' title='bbox 1811 1901 1860 1951; x_wconf 85' lang='lat'>&amp;</span> <span class='ocrx_word' id='word_1_254' title='bbox 1880 1900 2010 1951; x_wconf 90' lang='lat' dir='ltr'><strong>velut</strong></span> <span class='ocrx_word' id='word_1_255' title='bbox 2034 1902 2237 1949; x_wconf 84' lang='lat' dir='ltr'><strong>exterio-</strong></span> 
     </span>
     <span class='ocr_line' id='line_1_26' title="bbox 42 1968 2239 2036; baseline -0.002 -15"><span class='ocrx_word' id='word_1_256' title='bbox 42 1989 143 2022; x_wconf 86' lang='lat' dir='ltr'><strong>rem</strong></span> <span class='ocrx_word' id='word_1_257' title='bbox 166 1974 417 2021; x_wconf 88' lang='lat' dir='ltr'><strong>immemor</strong></span> <span class='ocrx_word' id='word_1_258' title='bbox 440 1972 638 2019; x_wconf 88' lang='lat' dir='ltr'><strong>omnino</strong></span> <span class='ocrx_word' id='word_1_259' title='bbox 667 1970 788 2020; x_wconf 88' lang='lat' dir='ltr'><strong>aliud</strong></span> <span class='ocrx_word' id='word_1_260' title='bbox 811 1987 950 2036; x_wconf 84' lang='lat' dir='ltr'><strong>quam</strong></span> <span class='ocrx_word' id='word_1_261' title='bbox 975 1973 1104 2035; x_wconf 90' lang='lat' dir='ltr'><strong>quod</strong></span> <span class='ocrx_word' id='word_1_262' title='bbox 1126 1970 1276 2036; x_wconf 86' lang='lat' dir='ltr'><strong>diligit</strong></span> <span class='ocrx_word' id='word_1_263' title='bbox 1307 1971 1520 2036; x_wconf 83' lang='lat' dir='ltr'><strong>cogitare</strong></span> <span class='ocrx_word' id='word_1_264' title='bbox 1544 1986 1644 2018; x_wconf 91' lang='lat' dir='ltr'><strong>non</strong></span> <span class='ocrx_word' id='word_1_265' title='bbox 1669 1968 1838 2034; x_wconf 89' lang='lat' dir='ltr'><strong>potest.</strong></span> <span class='ocrx_word' id='word_1_266' title='bbox 1906 1968 2033 2016; x_wconf 90' lang='lat' dir='ltr'><strong>Hinc</strong></span> <span class='ocrx_word' id='word_1_267' title='bbox 2057 1983 2142 2032; x_wconf 89' lang='lat' dir='ltr'><strong>per</strong></span> <span class='ocrx_word' id='word_1_268' title='bbox 2161 1968 2239 2016; x_wconf 85' lang='lat' dir='ltr'><strong>Sa-</strong></span> 
     </span>
     <span class='ocr_line' id='line_1_27' title="bbox 43 2036 2239 2089; baseline -0.003 0"><span class='ocrx_word' id='word_1_269' title='bbox 43 2040 288 2089; x_wconf 88' lang='lat' dir='ltr'><strong>lomonem</strong></span> <span class='ocrx_word' id='word_1_270' title='bbox 309 2040 478 2086; x_wconf 87' lang='lat' dir='ltr'><strong>dicitur</strong></span> <span class='ocrx_word' id='word_1_271' title='bbox 501 2040 638 2087; x_wconf 85' lang='lat' dir='ltr'><strong>fortis</strong></span> <span class='ocrx_word' id='word_1_272' title='bbox 661 2037 726 2086; x_wconf 87' lang='lat' dir='ltr'><strong>est</strong></span> <span class='ocrx_word' id='word_1_273' title='bbox 745 2046 799 2086; x_wconf 90' lang='lat' dir='ltr'><strong>ut</strong></span> <span class='ocrx_word' id='word_1_274' title='bbox 821 2054 950 2086; x_wconf 87' lang='lat' dir='ltr'><strong>mors</strong></span> <span class='ocrx_word' id='word_1_275' title='bbox 974 2037 1179 2087; x_wconf 71' lang='lat' dir='ltr'><strong>dilefflo.</strong></span> <span class='ocrx_word' id='word_1_276' title='bbox 1282 2039 1359 2086; x_wconf 89' lang='lat' dir='ltr'><strong>Sic</strong></span> <span class='ocrx_word' id='word_1_277' title='bbox 1393 2038 1518 2085; x_wconf 89' lang='lat' dir='ltr'><strong>enim</strong></span> <span class='ocrx_word' id='word_1_278' title='bbox 1549 2053 1677 2085; x_wconf 89' lang='lat' dir='ltr'><strong>mors</strong></span> <span class='ocrx_word' id='word_1_279' title='bbox 1699 2036 2013 2084; x_wconf 86' lang='lat' dir='ltr'><strong>interimendo</strong></span> <span class='ocrx_word' id='word_1_280' title='bbox 2044 2050 2239 2083; x_wconf 83' lang='lat' dir='ltr'><strong>carnem</strong></span> 
     </span>
     <span class='ocr_line' id='line_1_28' title="bbox 44 2098 2238 2170; baseline -0.004 -14"><span class='ocrx_word' id='word_1_281' title='bbox 44 2106 240 2157; x_wconf 81' lang='lat' dir='ltr'><strong>sensibus</strong></span> <span class='ocrx_word' id='word_1_282' title='bbox 265 2106 418 2169; x_wconf 88' lang='lat' dir='ltr'><strong>privat</strong></span> <span class='ocrx_word' id='word_1_283' title='bbox 439 2124 451 2151; x_wconf 71' lang='grc' dir='ltr'>ε</span> <span class='ocrx_word' id='word_1_284' title='bbox 487 2105 544 2153; x_wconf 81' lang='lat' dir='ltr'><strong>(ic</strong></span> <span class='ocrx_word' id='word_1_285' title='bbox 577 2106 625 2154; x_wconf 67' lang='grc' dir='ltr'><strong>ὃς</strong></span> <span class='ocrx_word' id='word_1_286' title='bbox 648 2106 785 2169; x_wconf 87' lang='lat' dir='ltr'><strong>plena</strong></span> <span class='ocrx_word' id='word_1_287' title='bbox 809 2106 1014 2153; x_wconf 85' lang='lat' dir='ltr'><strong>caritatis</strong></span> <span class='ocrx_word' id='word_1_288' title='bbox 1035 2105 1199 2153; x_wconf 84' lang='lat' dir='ltr'><strong>infufio</strong></span> <span class='ocrx_word' id='word_1_289' title='bbox 1223 2113 1437 2153; x_wconf 88' lang='lat' dir='ltr'><strong>mentem</strong></span> <span class='ocrx_word' id='word_1_290' title='bbox 1461 2121 1603 2170; x_wconf 88' lang='lat' dir='ltr'><strong>quam</strong></span> <span class='ocrx_word' id='word_1_291' title='bbox 1625 2105 1824 2152; x_wconf 88' lang='lat' dir='ltr'><strong>inebriat</strong></span> <span class='ocrx_word' id='word_1_292' title='bbox 1856 2105 1914 2150; x_wconf 86' lang='lat' dir='ltr'><strong>ad</strong></span> <span class='ocrx_word' id='word_1_293' title='bbox 1933 2117 2126 2149; x_wconf 91' lang='lat' dir='ltr'><strong>omnem</strong></span> <span class='ocrx_word' id='word_1_294' title='bbox 2142 2098 2238 2149; x_wconf 46' lang='lat' dir='ltr'><strong>‘ter-</strong></span> 
     </span>
     <span class='ocr_line' id='line_1_29' title="bbox 42 2168 2237 2236; baseline -0.003 -14"><span class='ocrx_word' id='word_1_295' title='bbox 42 2185 160 2222; x_wconf 85' lang='lat' dir='ltr'><strong>rene</strong></span> <span class='ocrx_word' id='word_1_296' title='bbox 180 2170 489 2220; x_wconf 67' lang='lat' dir='ltr'><strong>dileEtation&#39;is</strong></span> <span class='ocrx_word' id='word_1_297' title='bbox 513 2171 750 2220; x_wconf 57' lang='lat' dir='ltr'><strong>athonem</strong></span> <span class='ocrx_word' id='word_1_298' title='bbox 769 2172 899 2221; x_wconf 86' lang='lat' dir='ltr'><strong>velut</strong></span> <span class='ocrx_word' id='word_1_299' title='bbox 921 2171 1227 2222; x_wconf 71' lang='lat' dir='ltr'><strong>insensibilem</strong></span> <span class='ocrx_word' id='word_1_300' title='bbox 1250 2173 1452 2220; x_wconf 86' lang='lat' dir='ltr'><strong>reddens</strong></span> <span class='ocrx_word' id='word_1_301' title='bbox 1486 2170 1571 2220; x_wconf 92' lang='lat' dir='ltr'><strong>soli</strong></span> <span class='ocrx_word' id='word_1_302' title='bbox 1591 2169 1988 2236; x_wconf 86' lang='lat' dir='ltr'><strong>contemplationi</strong></span> <span class='ocrx_word' id='word_1_303' title='bbox 2018 2168 2237 2217; x_wconf 83' lang='lat' dir='ltr'><strong>inherere</strong></span> 
     </span>
    </p>
   </div>
   <div class='ocr_carea' id='block_1_5' title="bbox 42 2238 2233 2374">
    <p class='ocr_par' dir='ltr' id='par_1_9' title="bbox 42 2238 2233 2374">
     <span class='ocr_line' id='line_1_30' title="bbox 42 2238 2233 2374; baseline 0.012 -40"><span class='ocrx_word' id='word_1_304' title='bbox 42 2241 155 2289; x_wconf 57' lang='lat' dir='ltr'><strong>fame</strong></span> <span class='ocrx_word' id='word_1_305' title='bbox 166 2238 531 2367; x_wconf 54' lang='lat' dir='ltr'><strong>T&#39;Responsorium.</strong></span> <span class='ocrx_word' id='word_1_306' title='bbox 600 2307 746 2353; x_wconf 88' lang='lat' dir='ltr'><strong>Nunc</strong></span> <span class='ocrx_word' id='word_1_307' title='bbox 761 2320 894 2352; x_wconf 87' lang='lat' dir='ltr'><strong>meus</strong></span> <span class='ocrx_word' id='word_1_308' title='bbox 920 2321 982 2353; x_wconf 92' lang='lat' dir='ltr'><strong>en</strong></span> <span class='ocrx_word' id='word_1_309' title='bbox 1004 2305 1248 2355; x_wconf 63' lang='lat' dir='ltr'><strong>dilefisulus</strong></span> <span class='ocrx_word' id='word_1_310' title='bbox 1272 2304 1397 2371; x_wconf 75' lang='lat' dir='ltr'><strong>quasi</strong></span> <span class='ocrx_word' id='word_1_311' title='bbox 1416 2306 1592 2353; x_wconf 85' lang='lat' dir='ltr'><strong>mirrhe</strong></span> <span class='ocrx_word' id='word_1_312' title='bbox 1616 2302 1682 2351; x_wconf 89' lang='lat' dir='ltr'><strong>est</strong></span> <span class='ocrx_word' id='word_1_313' title='bbox 1711 2301 1971 2352; x_wconf 76' lang='lat' dir='ltr'><strong>fasciculus.</strong></span> <span class='ocrx_word' id='word_1_314' title='bbox 2013 2372 2018 2374; x_wconf 11' lang='grc' dir='ltr'><strong><em>ἢ</em></strong></span> <span class='ocrx_word' id='word_1_315' title='bbox 2048 2299 2233 2352; x_wconf 57' lang='lat' dir='ltr'><strong>Dilffie</strong></span> 
     </span>
    </p>
   </div>
   <div class='ocr_carea' id='block_1_6' title="bbox 45 2366 1854 2512">
    <p class='ocr_par' dir='ltr' id='par_1_10' title="bbox 45 2366 1854 2512">
     <span class='ocr_line' id='line_1_31' title="bbox 45 2366 1854 2439; baseline -0.003 -16"><span class='ocrx_word' id='word_1_316' title='bbox 45 2381 365 2423; x_wconf 84' lang='lat' dir='ltr'><strong>commoratur</strong></span> <span class='ocrx_word' id='word_1_317' title='bbox 385 2373 584 2438; x_wconf 83' lang='lat' dir='ltr'><strong>pascitur</strong></span> <span class='ocrx_word' id='word_1_318' title='bbox 600 2374 724 2420; x_wconf 85' lang='lat' dir='ltr'><strong>inter</strong></span> <span class='ocrx_word' id='word_1_319' title='bbox 744 2371 837 2420; x_wconf 87' lang='lat' dir='ltr'><strong>lilia</strong></span> <span class='ocrx_word' id='word_1_320' title='bbox 858 2366 1051 2436; x_wconf 87' lang='lat' dir='ltr'><strong>ponitur</strong></span> <span class='ocrx_word' id='word_1_321' title='bbox 1073 2375 1194 2439; x_wconf 88' lang='lat' dir='ltr'><strong>intra</strong></span> <span class='ocrx_word' id='word_1_322' title='bbox 1214 2373 1403 2420; x_wconf 86' lang='lat' dir='ltr'><strong>brachia</strong></span> <span class='ocrx_word' id='word_1_323' title='bbox 1429 2370 1630 2437; x_wconf 87' lang='lat' dir='ltr'><strong>pomulis</strong></span> <span class='ocrx_word' id='word_1_324' title='bbox 1649 2369 1854 2434; x_wconf 81' lang='lat' dir='ltr'><strong>stipatus.</strong></span> 
     </span>
     <span class='ocr_line' id='line_1_32' title="bbox 213 2448 1749 2512; baseline 0.001 -14"><span class='ocrx_word' id='word_1_325' title='bbox 213 2450 377 2512; x_wconf 81' lang='lat' dir='ltr'><strong>Versus.</strong></span> <span class='ocrx_word' id='word_1_326' title='bbox 441 2450 600 2499; x_wconf 81' lang='lat' dir='ltr'><strong>Dulcis</strong></span> <span class='ocrx_word' id='word_1_327' title='bbox 624 2468 760 2501; x_wconf 87' lang='lat' dir='ltr'><strong>amor</strong></span> <span class='ocrx_word' id='word_1_328' title='bbox 780 2451 952 2500; x_wconf 85' lang='lat' dir='ltr'><strong>Christi</strong></span> <span class='ocrx_word' id='word_1_329' title='bbox 973 2452 1114 2501; x_wconf 86' lang='lat' dir='ltr'><strong>fortia</strong></span> <span class='ocrx_word' id='word_1_330' title='bbox 1136 2453 1327 2502; x_wconf 85' lang='lat' dir='ltr'><strong>vincula</strong></span> <span class='ocrx_word' id='word_1_331' title='bbox 1343 2451 1490 2499; x_wconf 85' lang='lat' dir='ltr'><strong>dedit.</strong></span> <span class='ocrx_word' id='word_1_332' title='bbox 1559 2450 1621 2498; x_wconf 90' lang='lat' dir='ltr'><strong>Di</strong></span> <span class='ocrx_word' id='word_1_333' title='bbox 1654 2448 1749 2500; x_wconf 76' lang='lat' dir='ltr'><strong>&amp;c-</strong></span> 
     </span>
    </p>
   </div>
   <div class='ocr_carea' id='block_1_7' title="bbox 43 2539 2241 3070">
    <p class='ocr_par' dir='ltr' id='par_1_11' title="bbox 43 2539 2241 3070">
     <span class='ocr_line' id='line_1_33' title="bbox 1007 2539 1254 2584; baseline 0.008 -2"><span class='ocrx_word' id='word_1_334' title='bbox 1007 2539 1150 2583; x_wconf 63' lang='lat' dir='ltr'><strong>Lectio</strong></span> <span class='ocrx_word' id='word_1_335' title='bbox 1181 2542 1254 2584; x_wconf 84' lang='lat' dir='ltr'><strong>IX.</strong></span> 
     </span>
     <span class='ocr_line' id='line_1_34' title="bbox 53 2595 2234 2667; baseline 0 -20"><span class='ocrx_word' id='word_1_336' title='bbox 53 2640 55 2642; x_wconf 96' lang='lat'>.</span> <span class='ocrx_word' id='word_1_337' title='bbox 223 2600 352 2648; x_wconf 90' lang='lat' dir='ltr'><strong>Hinc</strong></span> <span class='ocrx_word' id='word_1_338' title='bbox 373 2599 439 2648; x_wconf 91' lang='lat' dir='ltr'><strong>est</strong></span> <span class='ocrx_word' id='word_1_339' title='bbox 458 2633 474 2658; x_wconf 79' lang='lat'>,</span> <span class='ocrx_word' id='word_1_340' title='bbox 512 2601 641 2665; x_wconf 89' lang='lat' dir='ltr'><strong>quod</strong></span> <span class='ocrx_word' id='word_1_341' title='bbox 674 2602 813 2650; x_wconf 86' lang='lat' dir='ltr'><strong>beata</strong></span> <span class='ocrx_word' id='word_1_342' title='bbox 844 2601 939 2649; x_wconf 85' lang='lat' dir='ltr'><strong>hec</strong></span> <span class='ocrx_word' id='word_1_343' title='bbox 967 2602 1105 2667; x_wconf 87' lang='lat' dir='ltr'><strong>virgo</strong></span> <span class='ocrx_word' id='word_1_344' title='bbox 1138 2604 1250 2666; x_wconf 85' lang='lat' dir='ltr'><strong>igne</strong></span> <span class='ocrx_word' id='word_1_345' title='bbox 1271 2601 1476 2650; x_wconf 87' lang='lat' dir='ltr'><strong>caritatis</strong></span> <span class='ocrx_word' id='word_1_346' title='bbox 1499 2601 1665 2649; x_wconf 88' lang='lat' dir='ltr'><strong>ardens</strong></span> <span class='ocrx_word' id='word_1_347' title='bbox 1682 2598 1833 2648; x_wconf 86' lang='lat' dir='ltr'><strong>stabat</strong></span> <span class='ocrx_word' id='word_1_348' title='bbox 1855 2595 1991 2663; x_wconf 80' lang='lat' dir='ltr'><strong>juxta</strong></span> <span class='ocrx_word' id='word_1_349' title='bbox 2015 2612 2234 2656; x_wconf 65' lang='lat' dir='ltr'><strong>crucerm</strong></span> 
     </span>
     <span class='ocr_line' id='line_1_35' title="bbox 45 2665 2236 2734; baseline 0 -20"><span class='ocrx_word' id='word_1_350' title='bbox 45 2667 198 2733; x_wconf 85' lang='lat' dir='ltr'><strong>Jesum</strong></span> <span class='ocrx_word' id='word_1_351' title='bbox 219 2675 274 2714; x_wconf 90' lang='lat' dir='ltr'><strong>ut</strong></span> <span class='ocrx_word' id='word_1_352' title='bbox 296 2668 383 2733; x_wconf 89' lang='lat' dir='ltr'><strong>piis</strong></span> <span class='ocrx_word' id='word_1_353' title='bbox 407 2668 650 2715; x_wconf 86' lang='lat' dir='ltr'><strong>obtutibus</strong></span> <span class='ocrx_word' id='word_1_354' title='bbox 671 2668 873 2715; x_wconf 88' lang='lat' dir='ltr'><strong>materni</strong></span> <span class='ocrx_word' id='word_1_355' title='bbox 892 2670 1063 2716; x_wconf 85' lang='lat' dir='ltr'><strong>amoris</strong></span> <span class='ocrx_word' id='word_1_356' title='bbox 1082 2670 1294 2734; x_wconf 88' lang='lat' dir='ltr'><strong>pasceret</strong></span> <span class='ocrx_word' id='word_1_357' title='bbox 1314 2702 1330 2726; x_wconf 85' lang='lat'>‚</span> <span class='ocrx_word' id='word_1_358' title='bbox 1365 2667 1617 2724; x_wconf 66' lang='lat' dir='ltr'><strong>effestum,</strong></span> <span class='ocrx_word' id='word_1_359' title='bbox 1651 2667 1759 2732; x_wconf 89' lang='lat' dir='ltr'><strong>quia</strong></span> <span class='ocrx_word' id='word_1_360' title='bbox 1780 2666 1894 2714; x_wconf 82' lang='lat' dir='ltr'><strong>sicut</strong></span> <span class='ocrx_word' id='word_1_361' title='bbox 1914 2667 1971 2713; x_wconf 89' lang='lat' dir='ltr'><strong>ab</strong></span> <span class='ocrx_word' id='word_1_362' title='bbox 1996 2665 2140 2713; x_wconf 85' lang='lat' dir='ltr'><strong>initio</strong></span> <span class='ocrx_word' id='word_1_363' title='bbox 2156 2681 2236 2715; x_wconf 69' lang='lat' dir='ltr'><strong>ev-</strong></span> 
     </span>
     <span class='ocr_line' id='line_1_36' title="bbox 43 2731 2236 2801; baseline -0.001 -19"><span class='ocrx_word' id='word_1_364' title='bbox 43 2733 257 2798; x_wconf 85' lang='lat' dir='ltr'><strong>angelice</strong></span> <span class='ocrx_word' id='word_1_365' title='bbox 277 2734 611 2784; x_wconf 90' lang='lat' dir='ltr'><strong>collocutionis</strong></span> <span class='ocrx_word' id='word_1_366' title='bbox 633 2750 743 2783; x_wconf 88' lang='lat' dir='ltr'><strong>rore</strong></span> <span class='ocrx_word' id='word_1_367' title='bbox 764 2736 960 2801; x_wconf 88' lang='lat' dir='ltr'><strong>Spiritus</strong></span> <span class='ocrx_word' id='word_1_368' title='bbox 981 2735 1138 2785; x_wconf 59' lang='lat' dir='ltr'><strong>Sancti</strong></span> <span class='ocrx_word' id='word_1_369' title='bbox 1157 2734 1223 2784; x_wconf 90' lang='lat' dir='ltr'><strong>est</strong></span> <span class='ocrx_word' id='word_1_370' title='bbox 1248 2735 1427 2801; x_wconf 90' lang='lat' dir='ltr'><strong>plenius</strong></span> <span class='ocrx_word' id='word_1_371' title='bbox 1446 2736 1668 2801; x_wconf 70' lang='lat' dir='ltr'><strong>irrigata,</strong></span> <span class='ocrx_word' id='word_1_372' title='bbox 1691 2735 1755 2782; x_wconf 84' lang='lat' dir='ltr'><strong>ita</strong></span> <span class='ocrx_word' id='word_1_373' title='bbox 1778 2734 1998 2781; x_wconf 89' lang='lat' dir='ltr'><strong>nimirum</strong></span> <span class='ocrx_word' id='word_1_374' title='bbox 2018 2731 2236 2797; x_wconf 84' lang='lat' dir='ltr'><strong>ampliori</strong></span> 
     </span>
     <span class='ocr_line' id='line_1_37' title="bbox 48 2800 2236 2867; baseline 0 -20"><span class='ocrx_word' id='word_1_375' title='bbox 48 2800 270 2849; x_wconf 79' lang='lat' dir='ltr'><strong>desiderio</strong></span> <span class='ocrx_word' id='word_1_376' title='bbox 292 2803 477 2850; x_wconf 77' lang='lat' dir='ltr'><strong>iontem</strong></span> <span class='ocrx_word' id='word_1_377' title='bbox 498 2803 603 2851; x_wconf 73' lang='lat' dir='ltr'><strong>vitat</strong></span> <span class='ocrx_word' id='word_1_378' title='bbox 628 2802 870 2850; x_wconf 86' lang='lat' dir='ltr'><strong>Christum</strong></span> <span class='ocrx_word' id='word_1_379' title='bbox 892 2802 1094 2851; x_wconf 75' lang='lat' dir='ltr'><strong>sitiebat:</strong></span> <span class='ocrx_word' id='word_1_380' title='bbox 1113 2802 1260 2852; x_wconf 87' lang='lat' dir='ltr'><strong>stabat</strong></span> <span class='ocrx_word' id='word_1_381' title='bbox 1281 2812 1440 2851; x_wconf 85' lang='lat' dir='ltr'><strong>autem</strong></span> <span class='ocrx_word' id='word_1_382' title='bbox 1454 2802 1596 2867; x_wconf 86' lang='lat' dir='ltr'><strong>juxta</strong></span> <span class='ocrx_word' id='word_1_383' title='bbox 1615 2803 1834 2850; x_wconf 88' lang='lat' dir='ltr'><strong>arborem</strong></span> <span class='ocrx_word' id='word_1_384' title='bbox 1852 2801 2096 2849; x_wconf 84' lang='lat' dir='ltr'><strong>viriditatis</strong></span> <span class='ocrx_word' id='word_1_385' title='bbox 2116 2808 2236 2848; x_wconf 87' lang='lat' dir='ltr'><strong>eter-</strong></span> 
     </span>
     <span class='ocr_line' id='line_1_38' title="bbox 46 2867 2236 2936; baseline -0.003 -17"><span class='ocrx_word' id='word_1_386' title='bbox 46 2881 110 2919; x_wconf 72' lang='lat' dir='ltr'><strong>ne</strong></span> <span class='ocrx_word' id='word_1_387' title='bbox 133 2867 369 2919; x_wconf 87' lang='lat' dir='ltr'><strong>Christum</strong></span> <span class='ocrx_word' id='word_1_388' title='bbox 393 2871 650 2919; x_wconf 88' lang='lat' dir='ltr'><strong>Dominum</strong></span> <span class='ocrx_word' id='word_1_389' title='bbox 671 2871 757 2918; x_wconf 89' lang='lat' dir='ltr'><strong>Dei</strong></span> <span class='ocrx_word' id='word_1_390' title='bbox 783 2871 1054 2935; x_wconf 85' lang='lat' dir='ltr'><strong>sapientiam</strong></span> <span class='ocrx_word' id='word_1_391' title='bbox 1078 2886 1170 2936; x_wconf 89' lang='lat' dir='ltr'><strong>que</strong></span> <span class='ocrx_word' id='word_1_392' title='bbox 1191 2870 1257 2919; x_wconf 89' lang='lat' dir='ltr'><strong>est</strong></span> <span class='ocrx_word' id='word_1_393' title='bbox 1275 2870 1454 2936; x_wconf 86' lang='lat' dir='ltr'><strong>lignum</strong></span> <span class='ocrx_word' id='word_1_394' title='bbox 1475 2872 1575 2931; x_wconf 60' lang='lat' dir='ltr'><strong>vite⁸</strong></span> <span class='ocrx_word' id='word_1_395' title='bbox 1593 2869 1840 2925; x_wconf 84' lang='lat' dir='ltr'><strong>omnibus,</strong></span> <span class='ocrx_word' id='word_1_396' title='bbox 1876 2868 1956 2932; x_wconf 92' lang='lat' dir='ltr'><strong>qui</strong></span> <span class='ocrx_word' id='word_1_397' title='bbox 1972 2867 2236 2934; x_wconf 88' lang='lat' dir='ltr'><strong>apprehen-</strong></span> 
     </span>
     <span class='ocr_line' id='line_1_39' title="bbox 51 2930 2241 3007; baseline 0.003 -28"><span class='ocrx_word' id='word_1_398' title='bbox 51 2933 208 3007; x_wconf 68' lang='lat' dir='ltr'><strong>derint</strong></span> <span class='ocrx_word' id='word_1_399' title='bbox 226 2933 352 2985; x_wconf 85' lang='lat' dir='ltr'><strong>illam</strong></span> <span class='ocrx_word' id='word_1_400' title='bbox 375 2934 507 3000; x_wconf 71' lang='lat' dir='ltr'><strong>cujus</strong></span> <span class='ocrx_word' id='word_1_401' title='bbox 531 2953 636 2986; x_wconf 89' lang='lat' dir='ltr'><strong>eam</strong></span> <span class='ocrx_word' id='word_1_402' title='bbox 659 2936 835 2987; x_wconf 55' lang='lat' dir='ltr'><strong>fruetus</strong></span> <span class='ocrx_word' id='word_1_403' title='bbox 854 2935 1074 2986; x_wconf 87' lang='lat' dir='ltr'><strong>melliflua</strong></span> <span class='ocrx_word' id='word_1_404' title='bbox 1096 2938 1323 2988; x_wconf 87' lang='lat' dir='ltr'><strong>svavitate</strong></span> <span class='ocrx_word' id='word_1_405' title='bbox 1339 2939 1532 2996; x_wconf 87' lang='lat' dir='ltr'><strong>refecit,</strong></span> <span class='ocrx_word' id='word_1_406' title='bbox 1567 2938 1680 2985; x_wconf 87' lang='lat' dir='ltr'><strong>dum</strong></span> <span class='ocrx_word' id='word_1_407' title='bbox 1701 2951 1788 3000; x_wconf 86' lang='lat' dir='ltr'><strong>per</strong></span> <span class='ocrx_word' id='word_1_408' title='bbox 1805 2933 2060 2999; x_wconf 85' lang='lat' dir='ltr'><strong>gloriosum</strong></span> <span class='ocrx_word' id='word_1_409' title='bbox 2083 2930 2241 2986; x_wconf 69' lang='lat' dir='ltr'><strong>cru‘cis.</strong></span> 
     </span>
     <span class='ocr_line' id='line_1_40' title="bbox 44 2997 2241 3070; baseline -0 -22"><span class='ocrx_word' id='word_1_410' title='bbox 44 2999 341 3068; x_wconf 73' lang='lat' dir='ltr'><strong>triumphum</strong></span> <span class='ocrx_word' id='word_1_411' title='bbox 361 3003 564 3056; x_wconf 88' lang='lat' dir='ltr'><strong>dulcedo</strong></span> <span class='ocrx_word' id='word_1_412' title='bbox 584 3006 892 3070; x_wconf 89' lang='lat' dir='ltr'><strong>supernorum</strong></span> <span class='ocrx_word' id='word_1_413' title='bbox 913 3005 964 3055; x_wconf 71' lang='grc' dir='ltr'><strong>ὅ(</strong></span> <span class='ocrx_word' id='word_1_414' title='bbox 981 3007 1142 3070; x_wconf 81' lang='lat' dir='ltr'><strong>patriae</strong></span> <span class='ocrx_word' id='word_1_415' title='bbox 1159 3003 1361 3070; x_wconf 80' lang='lat' dir='ltr'><strong>coelestis</strong></span> <span class='ocrx_word' id='word_1_416' title='bbox 1381 3007 1535 3055; x_wconf 84' lang='lat' dir='ltr'><strong>aditus</strong></span> <span class='ocrx_word' id='word_1_417' title='bbox 1557 3002 1626 3054; x_wconf 85' lang='lat' dir='ltr'><strong>est</strong></span> <span class='ocrx_word' id='word_1_418' title='bbox 1653 3001 1896 3057; x_wconf 76' lang='lat' dir='ltr'><strong>reseratus,</strong></span> <span class='ocrx_word' id='word_1_419' title='bbox 1966 3001 2155 3051; x_wconf 85' lang='lat' dir='ltr'><strong>Stemus</strong></span> <span class='ocrx_word' id='word_1_420' title='bbox 2184 2997 2241 3048; x_wconf 72' lang='grc' dir='ltr'><strong>δε</strong></span> 
     </span>
    </p>
   </div>
   <div class='ocr_carea' id='block_1_8' title="bbox 289 3085 2236 3154">
    <p class='ocr_par' dir='ltr' id='par_1_12' title="bbox 289 3085 2236 3154">
     <span class='ocr_line' id='line_1_41' title="bbox 289 3085 2236 3154; baseline -0.006 -8"><span class='ocrx_word' id='word_1_421' title='bbox 289 3086 329 3140; x_wconf 79' lang='lat'><strong>1.</strong></span> <span class='ocrx_word' id='word_1_422' title='bbox 360 3085 540 3153; x_wconf 60' lang='lat' dir='ltr'><strong>cheae</strong></span> <span class='ocrx_word' id='word_1_423' title='bbox 566 3087 861 3152; x_wconf 57' lang='lat' dir='ltr'><strong>mebant).</strong></span> <span class='ocrx_word' id='word_1_424' title='bbox 1429 3086 1472 3154; x_wconf 73' lang='grc' dir='ltr'>Β</span> <span class='ocrx_word' id='word_1_425' title='bbox 2146 3092 2236 3128; x_wconf 77' lang='lat' dir='ltr'><strong>nos</strong></span> 
     </span>
    </p>
   </div>
  </div>
 </body>
</html>
