2471 3463
206 174 304 221 204
925 157 1202 218 Urtunben
1222 165 1330 217 unt>
1344 161 1698 221 wadariebcm
2127 182 2168 229 3·
2188 167 2374 226 Penas<
2404 124 2408 127 ἡ
2438 149 2462 185 ”

376 278 491 340 (17)
523 278 708 326 lnducit
726 275 974 327 Pra’latum
1005 278 1097 343 20]
1125 281 1183 329 ad
1203 280 1498 328 residendum
1524 281 1571 327 in
1591 279 1783 330 ecclelia
1802 286 2004 350 propria.
2032 270 2078 334 n.
2100 268 2208 348 i48.
2362 249 2365 255 λ

374 346 492 421 (133)
532 343 899 394 Commemorat
934 347 1167 397 unitatem
1209 347 1459 413 primitivae
1491 344 1697 396 ecclefiae
1734 349 1785 401 ὅ(
1821 350 2129 403 commendat
2161 346 2421 409 ecclesiam'

194 409 482 485 *Cpnfiliano
504 411 650 477 Regis
690 411 776 475 30]
811 428 859 462 n.
885 420 962 476 38.

371 481 490 542 (19)
525 480 846 528 Ratiocinatio
868 482 927 529 de
948 487 1116 529 mutua
1135 481 1472 530 benevolentia
1493 481 1616 528 inter
1635 482 1816 532 amicos
1838 485 2066 536 absentes,
2100 489 2191 551 31]
2227 505 2275 538 n.
2295 504 2370 550 3²·
2400 471 2418 528 s
2445 527 2447 529 -

372 547 490 624 (20)
517 546 721 613 Epistola
745 547 967 608 [nomine
1006 548 1064 609 7]
1099 549 1458 614 Archiepiscopi
1491 549 1886 614 Rothomagenfis
1909 553 2102 618 scripta)
2137 555 2230 620 qua
2248 559 2433 608 redas-s

197 616 301 680 guit
331 613 482 662 filium
504 615 675 679 Regis,
714 615 768 675 8]
807 615 887 678 qui
909 622 1079 663 contra
1099 615 1289 664 Patrem
1311 614 1365 679 9]
1403 623 1600 680 pugnat.
1634 632 1681 664 n.
1710 631 1785 678 33.
2181 652 2186 653 κ
2363 634 2432 665 τ

371 683 487 743 (21)
522 683 582 730 ad
601 680 835 745 Reginam
857 680 1358 746 AngliaeAleonoram
1394 682 1632 747 [nomine
1664 679 1878 747 ejusdem
1917 686 1969 738 ἀ
2003 667 2446 754 suffraganeorumf

189 748 412 812 suorum]
447 756 502 796 ut
524 750 689 797 redeat
710 748 771 795 ad
793 748 978 813 Regem
1007 748 1035 796 a
1055 747 1152 814 quo
1177 750 1375 799 receffit.
1414 766 1460 797 n.
1489 764 1595 810 154.
2414 745 2445 800 ,ἦ

368 817 487 878 (22)
518 817 578 864 ad
601 814 916 864 Conventum
937 816 1005 864 St.
1016 816 1219 874 Albani,
1266 817 1576 882 conqueritur
1598 819 1658 866 de
1681 817 1762 877 iis,
1795 820 1874 885 qui
1898 821 2157 873 noluerunt
2178 838 2289 874 eum
2316 825 2400 876 ho·

194 881 364 950 spitare
386 886 435 933 in
456 883 743 931 monasterio
761 916 778 939 .,
811 883 861 933 ὄε
883 881 1122 931 collaudat
1144 884 1527 949 hospitalitatem.
1551 900 1599 933 n.
1618 900 1700 946 29.

366 952 483 1013 (23)
518 952 577 998 ad
597 952 902 1014 Margaritam
923 949 1133 1002 nobilem
1155 951 1411 999 monialem
1432 983 1446 1008 ‚
1492 952 1574 1012 10]
1607 960 1659 1000 ut
1682 954 1966 1017 perseveret.
2000 972 2046 1007 n.
2074 973 2150 1021 35.

366 1020 482 1081 (24)
513 1018 702 1066 Inducit
725 1015 980 1065 monialem
1008 1016 1374 1082 [Christianam]
1407 1021 1464 1066 ad
1485 1019 1698 1068 virtutes.
1721 1037 1767 1069 n.
1787 1024 1846 1082 36

364 1088 480 1148 (25)
518 1084 687 1134 Preces
713 1083 960 1149 [nomine]
981 1085 1171 1150 Reginae
1197 1086 1256 1133 ad
1279 1085 1592 1136 Coelestinum
1605 1086 1780 1153 Papam
1805 1104 1893 1154 pro
1915 1088 2193 1141 liberatione
2217 1091 2296 1144 filii
2316 1093 2381 1144 sui

195 1154 381 1204 detenti
404 1169 492 1219 per
510 1154 872 1218 Imperatorem.
906 1166 1083 1212 n.145.
2383 1128 2399 1155 ’
2431 1167 2433 1169 ¹

339 1222 486 1298 ‘(26>
521 1220 689 1296 Scribit
711 1219 924 1295 Magnati
945 1251 962 1276 ‚
1003 1219 1085 1280 32]
1112 1220 1254 1283 quod
1275 1219 1335 1268 ad
1355 1233 1465 1267 eum
1487 1235 1589 1270 non
1620 1223 1798 1282 vadat,
1847 1239 2099 1291 quousque
2128 1211 2398 1295 experiatur
2432 1235 2439 1252 ¹

193 1287 417 1355 promissa
440 1288 637 1334 Domini
661 1285 740 1334 sui.
773 1301 819 1333 n.
843 1300 916 1346 34.
2443 1289 2448 1293 '

365 1356 477 1416 (27)
514 1355 692 1409 demon
712 1353 899 1400 utendis
919 1351 1302 1400 altercationibus
1317 1355 1440 1402 inter
1461 1370 1611 1404 caros.
1645 1373 1691 1405 n.
1709 1370 1783 1417 39.

364 1423 480 1483 (28)
516 1420 745 1469 Describit
766 1420 927 1468 amicis
953 1418 1039 1467 suis
1064 1419 1324 1468 infortunia
1344 1420 1446 1480 sua,
1472 1423 1657 1487 sperans
1680 1426 1729 1471 in
1747 1424 1812 1471 eis
1838 1420 2058 1485 salutem,
2091 1427 2151 1475 ad
2169 1427 2224 1479 R.
2239 1429 2397 1479 Abba·

191 1501 292 1548 tem
314 1491 374 1539 de
394 1489 617 1537 Fontanis
646 1503 693 1535 n.
709 1502 728 1549 3
743 1502 786 1535 ι.

355 1557 483 1619 (29)
513 1553 866 1621 Reprehenfiva
884 1553 944 1602 ad
966 1553 1229 1602 Dominum
1251 1554 1427 1622 Papam
1447 1572 1547 1606 non
1579 1564 1919 1622 procurantem
1952 1558 2282 1615 liberationem
2303 1563 2398 1614 Re-

192 1641 266 1692 gis
287 1641 336 1674 n.
357 1638 480 1754 ξιξ)
517 1689 577 1737 ad
598 1689 802 1738 amicum
825 1695 1077 1754 potentem
1095 1722 1110 1747 ,
1147 1691 1278 1753 quod
1299 1706 1400 1739 non
1438 1691 1679 1756 opprimat
1716 1707 1977 1758 pauperem
2017 1709 2106 1759 pro
2128 1695 2225 1745 levi
2245 1697 2397 1751 caula.

193 1779 241 1814 m
264 1772 481 1903 47.(31.)
515 1822 715 1901 Excusat
740 1823 789 1874 &
815 1820 1052 1899 collaudat
1073 1821 1323 1873 Praelatum
1354 1822 1845 1889 (Archiep.Cantuar.
1873 1827 1960 1889 18]
1993 1826 2325 1898 A.Cardinali]
2347 1834 2398 1886 δε

192 1892 499 1946 Cancellario
522 1892 654 1939 Sedis
674 1889 974 1957 Apostolicae.
1008 1906 1054 1937 n.
1087 1897 1162 1951 38.
1377 1928 1384 1935 .

363 1961 415 2023 (3
430 1963 479 2077 ἓ.)
516 1958 844 2023 Conqueritur
879 1957 1101 2021 [nomine
1133 1957 1330 2024 Reginae
1351 1956 1559 2023 Angliae]
1597 1959 1658 2007 de
1689 1957 1787 2009 filio
1819 1960 1900 2011 suo
1932 1963 1982 2012 in
2012 1973 2202 2015 carcere
2232 1967 2397 2020 deten-

194 2040 262 2082 to·
299 2045 347 2079 n,
363 2043 479 2158 &35
516 2092 764 2142 Condolet
786 2090 984 2140 Praelato
1011 2090 1232 2157 oppresso
1268 2106 1330 2141 ex
1349 2090 1540 2141 fallaciis
1564 2091 1833 2143 invidorum
1855 2069 2084 2148 inducens
2106 2109 2218 2148 eum
2238 2101 2297 2148 ad
2316 2117 2396 2167 pa.

192 2167 726 2293 tlentlagay’hflgrepat
744 2225 985 2275 Abbatem
998 2258 1015 2283 ,
1066 2228 1147 2291 qui
1165 2227 1351 2293 recepit
1367 2206 1647 2276 ornamenta
1665 2224 1960 2279 Pontificalia
1982 2230 2010 2280 a
2022 2226 2231 2281 Domina
2253 2232 2396 2300 Papa.

191 2316 238 2350 n·
258 2313 338 2361 90·
361 2364 413 2424 (3
428 2363 478 2424 5)
509 2359 767 2427 Redarguit
797 2357 1048 2445 Praelatum
1081 2359 1336 2408 usurarium
1357 2360 1406 2411 ὅ(
1430 2375 1622 2411 avarum
1652 2361 1702 2410 δι
1726 2360 1907 2411 inducit
1925 2349 2038 2413 eum
2059 2365 2118 2413 ad
2142 2365 2396 2434 eleemosy-

193 2447 290 2484 nas·
325 2445 482 2557 η’(ξῐέ)
516 2492 773 2541 Collaudat
792 2495 1042 2555 abbatem,
1089 2495 1169 2559 qui
1195 2492 1388 2559 abjectis
1407 2468 1761 2544 Pontificalibus
1783 2496 1833 2545 in
1854 2506 2136 2564 paupertate
2165 2499 2311 2551 cultui
2328 2502 2394 2552 di·

189 2568 307 2618 vino
329 2564 546 2615 vacabat.
579 2575 624 2606 n.
647 2574 726 2620 93.

362 2630 478 2692 (37)
513 2626 681 2674 Scribit
700 2628 758 2673 ad
775 2627 1025 2677 Praelatum
1044 2636 1098 2677 ut
1117 2629 1323 2694 corrigat
1344 2638 1547 2695 nepotes
1571 2631 1672 2680 suos
1692 2631 1753 2678 de
1771 2631 1928 2695 pravis
1950 2632 2138 2682 artibus-

364 2698 482 2761 (38)
517 2694 576 2741 ad
599 2691 873 2752 Praelatum,
907 2697 1320 2746 recommendatio
1342 2699 1559 2763 nepotis,
1592 2713 1734 2763 quem
1759 2694 1997 2761 abjecerat
2017 2700 2078 2747 ad
2098 2697 2391 2763 instantiam,
2422 2729 2425 2732 ·

194 2765 508 2816 adulatorum.
545 2776 590 2808 n.
611 2773 689 2820 70.

192 2900 344 2964 fngier
346 2834 410 2946 u(r31
413 2826 649 2954 t9)n.a6dql{⁰
668 2826 950 2892 Episcopum
974 2831 1366 2896 Andegavensem
1389 2865 1404 2892 ,
1447 2833 1577 2898 quod
1608 2832 1813 2896 corrigat
1833 2845 1917 2880 eos
1937 2862 1953 2888 ‚
1998 2831 2077 2896 qui
2095 2833 2154 2881 ab
2177 2836 2390 2884 exercitu

216 3030 228 3042 .
364 2964 477 3025 (40)
513 2959 771 3026 Redarguit
797 2948 1004 3013 amicum
1041 2963 1133 3027 [A]
1158 2964 1406 3016 volentem
1431 2965 1558 3015 exire
1590 2965 1755 3015 ordine
1778 2963 2090 3018 Carthufienfi
2112 2966 2163 3018 ὅ(
2196 2969 2256 3016 ad
2274 2966 2387 3017 libe-

190 3045 369 3095 norem
390 3030 435 3080 se
456 3030 691 3100 conterre.
715 3042 764 3081 n.
787 3030 866 3085 86.

2158 3101 2272 3165 (4¹)
2293 3101 2387 3150 Re·
