2471 3463
123 196 731 283 .„{÷C2.9÷.2QteQev¹⁰92··
865 184 1743 278 ‚A'mbfflMEMQROENimmm
2230 210 2333 267 m

121 326 244 376 pore
289 311 586 360 existentium
616 310 795 376 possint
832 312 881 361 ὅ(
903 312 1108 359 debeant
1129 310 1222 358 sine
1247 310 1478 379 aliquibus
1502 316 1850 378 impedimento
1874 317 1924 366 ὅ(
1947 315 2329 377 contradiffione
2379 365 2382 366 γ

121 375 944 442 quorumcunquedic'tam‘t-'ab'ulam
967 393 1057 426 nec
1081 394 1179 426 non
1204 380 1365 426 omnia
1386 379 1474 428 alia
1493 380 1541 430 ὃς
1572 382 1746 445 singula
1776 393 2055 433 ornamenta
2086 382 2134 432 ὃ(
2161 384 2326 432 cleno-

120 446 197 493 dia
220 459 313 508 que
334 445 581 493 occasione
604 443 833 493 difirarum
857 444 1091 493 missarum
1122 445 1181 492 fic
1203 454 1257 494 ut
1281 446 1568 510 premittitur
1589 447 1896 511 legendarum
1915 452 1963 500 ὃς
1986 453 2328 498 cantandarum

119 512 179 559 ad
202 510 379 567 dietum
411 512 558 560 altare
589 512 767 561 SancCtae
792 512 960 560 Crucis
985 512 1354 577 quomodolibet
1375 516 1610 562 dederunt
1630 517 1867 579 impertita
1886 518 2078 566 fuerunt
2102 517 2150 566 ὅ(
2174 520 2328 581 depu-

118 585 281 627 tarunt
313 578 462 627 veluti
492 595 661 628 eorum
684 581 875 645 propria
901 588 1182 626 ornamenta
1206 581 1253 628 δι
1276 580 1494 628 clenodia
1515 581 1622 629 alias
1642 583 1699 629 ad
1723 585 1866 646 ipsam
1888 588 2088 632 eandem
2111 584 2325 632 fraterni-

118 651 273 705 tatem
305 645 558 711 spe&antia
591 647 642 697 ὅ(
675 647 965 711 pertinentia
990 643 1163 696 tollere
1184 662 1240 694 ac
1262 648 1320 693 ad
1341 645 1465 694 dic'te
1486 648 1789 697 fraternitatis
1812 651 1941 698 usum
1961 650 2093 713 juxta
2116 651 2326 716 ipsorum

117 708 417 761 voluntatem
453 714 503 763 ὃς
534 714 809 766 desiderium
845 713 1093 777 disponere
1127 713 1431 760 committere
1452 715 1502 764 ’ὃς
1527 716 1748 763 ordinare
1771 733 1873 781 quae
1899 720 2058 766 omnia
2081 718 2129 767 ὅ(
2153 718 2327 781 fingula

107 778 336 844 ‘premissa
367 779 664 845 conjunfi‘cim
696 796 838 844 quam
873 779 1050 828 divisim
1085 779 1292 843 prefatus
1315 780 1550 829 Dominus
1573 783 1800 831 Nicolaus
1821 783 2076 850 Wystock
2100 798 2186 848 pro
2211 787 2253 832 se
2276 785 2327 836 ὃς

117 847 202 894 suis
225 848 272 895 in
296 857 581 913 perpetuum
605 850 650 896 in
675 846 797 895 όὶὸὶει
818 846 893 894 sua
915 847 1089 894 vicaria
1113 843 1444 893 successoribus
1468 848 1517 897 ὅ(
1541 849 1653 898 dieti
1678 851 1946 913 provisores
1968 850 2091 900 diere
2113 852 2325 900 fraterni-

106 915 351 978 sstatispro
385 915 428 963 se
452 915 501 964 ὅ(
524 917 608 963 suis
632 914 834 960 fimiliter
855 914 903 960 in
928 920 1214 977 perpetuum
1239 911 1572 962 successoribus
1606 931 1662 963 ac
1689 920 1907 966 omnibus
1929 916 2142 982 ejusdem
2164 919 2329 967 frater-

115 981 275 1029 nitatis
295 981 515 1030 sratribus
536 982 584 1030 ὅ(
607 981 841 1028 sororibus
864 981 977 1027 hinc
1002 980 1113 1027 inde
1136 989 1450 1043 acceptarunt
1469 982 1516 1029 ὅ(
1540 982 1736 1046 quilibet
1760 987 1963 1049 ipsorum
1986 987 2256 1050 acceptavit
2270 1002 2328 1034 ac
2359 1046 2363 1049 ι

115 1046 232 1099 mihi
261 1049 378 1097 infra
406 1049 576 1114 scripto
607 1047 796 1113 publico
818 1047 1008 1093 notario
1032 1054 1257 1110 tanquam
1282 1047 1469 1111 publice
1494 1049 1543 1098 ὃ(
1566 1051 1897 1100 auctoritative
1923 1054 2121 1118 persone
2145 1054 2253 1101 vice
2276 1053 2328 1104 ὃς

114 1115 314 1163 nomine
338 1115 555 1164 omniurn
575 1130 777 1179 quorum
804 1113 993 1161 interest
1015 1147 1029 1170 .,
1063 1114 1305 1170 intererit,
1339 1124 1421 1163 aut
1445 1117 1811 1179 quomodolibet
1831 1120 2048 1167 interesse
2067 1122 2251 1185 poterit
2274 1121 2326 1171 in

113 1182 326 1231 futurum
360 1181 607 1247 sollempni
639 1180 939 1246 stipulatione
973 1181 1411 1229 intervenientione
1445 1180 1716 1246 conjunffis
1752 1188 1966 1235 manibus
1990 1190 2150 1236 omnia
2173 1188 2221 1238 ὅ(
2242 1187 2326 1236 sin—

114 1240 226 1313 gula
254 1247 473 1314 premissa
503 1250 552 1299 ὅ(
583 1248 809 1313 ipsorum}
830 1246 1067 1313 quotlibet
1090 1247 1214 1296 velle
1242 1256 1407 1296 tenere
1432 1249 1609 1298 habere
1634 1251 1683 1300 &
1701 1252 1884 1301 servare
1908 1287 1924 1312 ‚
1967 1264 2067 1302 rata
2102 1264 2233 1320 grata
2255 1263 2329 1304 at·

109 1310 209 1380 ‘que
240 1324 478 1380 perpetuo
513 1315 646 1364 firma
687 1315 768 1363 sub
799 1316 926 1363 bona
955 1315 1004 1365 ὅ(
1040 1315 1301 1363 inviolabili
1336 1314 1428 1366 fide
1452 1318 1838 1381 promiserunt&
1861 1321 2057 1386 quilibet
2078 1323 2325 1370 hincinde

103 1382 338 1447 promisit.
408 1383 561 1447 Super
594 1384 760 1447 quibus
791 1382 1012 1430 omnibus
1049 1382 1098 1433 ὅ(
1129 1381 1311 1447 singulis
1331 1383 1555 1447 premiffis
1578 1386 1685 1450 sepe
1717 1386 1826 1437 ditti
1847 1389 2078 1438 Dominus
2099 1389 2326 1439 Nicolaus

112 1448 372 1514 Wystock
404 1466 491 1515 pro
520 1450 564 1498 se
585 1450 634 1499 ὃ(
659 1449 745 1497 suis
764 1448 1093 1497 successoribus
1123 1465 1179 1497 ac
1206 1450 1470 1514 provisores
1489 1451 1693 1502 similiter
1709 1470 1796 1518 pro
1821 1456 1864 1504 se
1883 1456 1933 1505 ὅ(
1957 1457 2042 1505 suis
2062 1457 2327 1505 successori·

112 1515 201 1564 bus
227 1532 375 1565 unum
394 1526 476 1565 aut
501 1517 632 1582 plura
650 1515 895 1578 publicum
916 1515 993 1563 seu
1017 1516 1205 1580 publica
1229 1525 1306 1564 tot
1326 1520 1453 1582 quod
1479 1519 1580 1583 ipsis
1600 1520 1764 1570 forent
1782 1522 2033 1572 necessaria
2056 1541 2083 1572 a
2103 1538 2184 1572 me
2207 1524 2329 1574 infra.

113 1582 288 1648 scripto
312 1584 720 1649 publico'notario
743 1581 843 1633 fieri
865 1585 1105 1648 petierunt
1128 1583 1178 1633 ἀ
1197 1583 1392 1648 quilibet
1412 1586 1618 1651 ipsorum
1642 1591 1778 1652 petiit
1799 1589 2162 1641 instrumentum
2184 1592 2233 1642 ὅ(
2257 1593 2327 1640 in-

108 1647 382 1700 strumenta.
453 1653 560 1700 Nec
591 1666 691 1698 non
717 1650 804 1716 pro
832 1648 1025 1699 firmiori
1057 1650 1380 1715 premissorum
1402 1654 1571 1702 notitia
1591 1655 1737 1718 sigillo
1758 1660 2049 1723 appendenti
2072 1659 2329 1708 memorati

109 1715 509 1768 Domini'Luderi
528 1719 761 1783 Medingk
789 1717 976 1783 plebani
998 1719 1339 1767 consentientis
1357 1720 1407 1770 &
1428 1720 1633 1769 volentis
1656 1726 1954 1775 corroborari
1976 1727 2191 1792 premissa
2213 1726 2328 1776 desi-
2406 1776 2407 1779 ,
2451 1716 2454 1717 ⁷

109 1784 335 1834 derarunt
356 1786 407 1835 ὅ(
430 1780 627 1851 quilibet
641 1779 856 1850 *ipsorum
874 1784 1220 1834 desideraverit.
1289 1786 1410 1835 Asta
1437 1788 1542 1836 sunt
1558 1789 1660 1838 haec
1677 1791 1957 1840 Hamborch
1974 1795 2023 1842 in
2040 1792 2175 1842 Dote
2195 1794 2324 1843 diste

109 1849 305 1899 ecclesie
341 1848 625 1916 parochialis
653 1851 809 1901 sanrste
835 1852 1098 1900 Katbarine
1127 1855 1206 1900 sub
1245 1870 1372 1902 anno
1404 1853 1662 1904 indifflone
1692 1859 1768 1906 die
1790 1860 1948 1908 mense
1967 1859 2018 1910 ὃ(
2040 1859 2326 1925 pontificatu

109 1917 278 1981 quibus
299 1919 433 1983 supra
458 1920 751 1984 presentibus
773 1919 947 1977 ibidem
967 1919 1174 1968 discretis
1193 1921 1303 1969 viris
1325 1922 1538 1970 Domino
1553 1924 1759 1972 Nicolao
1778 1927 1958 1975 Schote
1978 1930 2255 1993 presbytero
2274 1929 2326 1980 &

107 1984 388 2048 cappellano
403 1987 451 2033 in
475 1986 598 2036 dieta
622 1982 815 2034 ecclesie
840 1984 996 2034 sancite
1015 1987 1275 2035 Katharine
1297 1987 1344 2037 &
1361 1989 1580 2052 Johanne
1599 1989 1876 2042 Goltbecke
1897 1993 2070 2044 clerico
2087 1996 2322 2046 Bremens]

105 2049 293 2101 Diocesl
311 2051 501 2102 testibus
527 2056 586 2102 ad
608 2050 828 2120 premissa
847 2054 1030 2102 vocatis
1052 2054 1311 2118 specialiter
1330 2055 1377 2105 ὃ(
1396 2056 1592 2121 rogatis·

961 2174 1019 2221 Et
1042 2189 1134 2237 ego
1157 2174 1398 2238 Johannes
1421 2175 1710 2244 Podendorp
1728 2181 1921 2234 clericus
1936 2183 2191 2234 Verdensis
2208 2186 2326 2234 Dio-·

826 2238 937 2289 cesis
957 2240 1169 2305 publicus
1191 2242 1419 2306 imperiali
1437 2243 1719 2300 auffioritate
1745 2252 1951 2299 notarius
1973 2253 2080 2317 quia
2102 2254 2322 2302 omnibus

825 2307 874 2357 ὅ(
899 2306 1081 2372 singulis
1119 2306 1344 2373 premiffis
1373 2312 1484 2359 dum
1504 2301 1562 2360 sic
1581 2323 1633 2362 ut
1651 2318 1941 2381 premittitur
1958 2318 2127 2367 fierent
2145 2321 2193 2369 ὅ(
2211 2336 2322 2384 age-

823 2385 988 2422 rentur
1020 2391 1109 2422 una
1143 2390 1252 2424 cum
1291 2381 1632 2441 prenominatis
1667 2383 1856 2432 testibus
1888 2387 2075 2450 presens
2109 2389 2319 2437 intertui.

822 2441 982 2507 anue
1005 2441 1062 2489 lic
1088 2440 1184 2490 fieri
1208 2445 1303 2491 vidi
1330 2445 1376 2494 &
1398 2448 1554 2495 audivi
1575 2480 1590 2504 ‚
1631 2449 1836 2515 ideoque
1862 2452 2316 2519 presenspublicum
2340 2451 2342 2455 ’

821 2508 1184 2558 instrumentum
1205 2527 1346 2559 manu
1372 2528 1477 2560 mea
1499 2517 1688 2579 propria
1712 2518 2013 2581 ingroffatum
2031 2519 2314 2586 &scriptum

822 2578 993 2624 exinde
1019 2577 1206 2625 confeci
1229 2578 1278 2628 ὃ(
1300 2579 1346 2626 in
1366 2580 1490 2627 hanc
1512 2582 1748 2646 publicam
1771 2587 1970 2636 sormam
1989 2586 2150 2652 redegi
2173 2602 2316 2652 quam

821 2643 952 2707 signo
982 2644 1026 2694 ἃ
1056 2647 1247 2692 nornine
1271 2647 1386 2694 meis
1413 2646 1553 2696 solitis
1577 2650 1882 2704 &consuetis
1905 2666 2108 2704 unacum
2133 2666 2315 2721 'appen-

820 2708 949 2757 sione
970 2710 1095 2775 sigilli
1124 2715 1375 2761 memorati
1401 2714 1593 2763 Domini
1612 2716 1786 2768 Luderi
1807 2721 2038 2787 Medingk
2057 2721 2242 2789 plebani
2264 2723 2315 2772 si-

821 2779 963 2840 gnavi
998 2778 1048 2828 &
1085 2781 1393 2828 corroboravi
1429 2782 1477 2829 in
1511 2782 1651 2832 sidem
1677 2785 1726 2836 <Se
1748 2787 2068 2838 testimonium
2096 2795 2310 2843 omnium

819 2843 871 2896 ὅ(
890 2843 1178 2911 singulorum
1197 2846 1527 2915 premissorum
1546 2861 1743 2919 rogatus
1765 2855 1815 2909 δι
1832 2856 2091 2926 requifitus.

253 2949 439 3024 Johanri'cs
463 2959 694 3028 Podendorp,

2015 3073 2056 3124 5.
2089 3057 2307 3114 Matthiae
