2471 3463
192 143 294 194 470
881 127 1157 186 ursonem
1172 132 1278 187 unu
1303 113 1655 194 &aonidum
1991 141 1994 143 ·
2068 136 2134 204 3.
2155 138 2344 198 period.
2448 152 2453 159 ·

230 207 2377 236 --·---—⁶----—-—-—-—--————-—--—------—----

586 239 703 289 Bibl.
723 239 848 289 Patr.
872 240 1027 307 Lugd.
1647 245 1771 295 Mst.
1798 247 1975 297 PetrIn.
1999 247 2176 296 Hamb.

383 307 617 373 majorum
641 306 930 374 negligentia
964 332 981 344 -
1015 337 1036 352 -
1069 316 1222 359 errata
1235 311 1387 360 mino·
1418 339 1438 350 -
1471 309 2004 380 malorumnegligentia
2036 339 2057 351 -
2083 345 2104 358 -
2142 324 2408 369 erratamo·

217 393 237 420 ν
442 393 550 424 rum
1528 393 1652 427 rum.

376 443 489 492 Heli
515 458 602 508 pro
623 451 826 508 peccato
859 443 1061 494 filiorum
1310 468 1330 480 ·
1465 445 1573 495 Heli
1598 452 1796 512 propter
1816 457 2017 513 peccata
2035 442 2237 500 filiorum

376 526 440 558 ex
462 510 636 559 fincera
650 512 913 560 devotione
931 528 1155 579 propono
1309 537 1325 549 ·
1405 532 1407 534 >
1462 528 1526 561 ex
1549 512 1725 561 sincera
1745 514 2002 564 dilestione
2033 532 2274 583 propono.

372 576 491 626 teste
512 577 914 638 Salomone‚facit,
930 580 1044 628 ficut
1058 581 1139 646 qui
1162 579 1393 639 visumar,
1463 578 1581 629 teste
1602 580 1884 640 Salomone,
1901 581 2130 632 vietimat.
2192 627 2195 630 .

370 646 421 694 in
442 645 741 694 multitudine
757 663 1005 696 munerum
1023 664 1242 697 meorum
1371 673 1393 683 -
1456 648 1505 696 in
1517 647 1818 697 multitudine
1839 652 2080 699 bonorum
2100 665 2337 702 meorum.

372 710 474 776 ejus
498 720 658 761 tamen
682 715 851 778 petitio
875 716 1031 763 audita
1053 731 1154 764 non
1166 714 1232 764 est
1359 740 1380 750 -
1461 712 1562 779 ejus
1586 723 1748 764 tamen
1762 717 1998 781 petitione
2020 717 2162 766 dilata
2174 717 2257 769 est.

372 780 483 827 Nec
507 788 661 828 terror
694 811 711 819 -
742 806 761 814 -
794 784 952 847 potuit
972 781 1227 834 declinare.
1362 807 1385 818 -
1469 779 1668 846 Defimt.

375 847 765 907 ZaleucuS,cum
788 849 838 898 in
851 851 968 898 urbe
1140 868 1142 871 ·
1190 870 1211 890 a
1349 868 1351 870 ·
1463 850 1829 909 Clericus20um
1853 850 1903 899 in
1922 851 2054 900 urbe.

374 914 514 962 Vale.
1465 914 1616 980 Deest.

192 983 287 1049 Ep.
300 981 485 1031 XCVI.
500 983 761 1030 conventui
784 982 1131 1047 praesentialiter
1161 982 1378 1034 interesse
1408 1012 1428 1022 —
1459 986 1544 1050 Ep.
1560 985 1789 1035 LXXXI.
1803 987 2066 1036 conventui
2092 984 2325 1035 interesse.

374 1047 579 1097 studium
605 1056 782 1112 optatae
795 1047 1109 1112 jucunditatis
1278 1081 1299 1091 -
1458 1051 1662 1101 frut'wm
1683 1061 1902 1118 optatum
1917 1052 2245 1117 jucunditatis.

375 1131 467 1164 nec
491 1131 568 1164 me
582 1115 738 1164 castris
761 1116 998 1165 foelicibus
1247 1148 1270 1160 -
1322 1160 1326 1162 ,
1462 1126 1554 1168 nec
1576 1135 1653 1168 me
1677 1119 1833 1168 castris
1862 1119 2077 1169 fidelibus

376 1184 624 1249 quomodo
651 1185 839 1248 cupiam
862 1199 947 1232 vos
970 1186 1020 1233 in
1238 1214 1258 1225 -
1460 1187 1712 1251 quomodo
1737 1190 1924 1250 cupiam
1946 1203 2035 1235 vos
2061 1202 2228 1236 omnes
2257 1187 2307 1235 in

377 1268 404 1298 a
435 1275 453 1283 -
489 1249 771 1314 tempestate
791 1251 1086 1298 subverterer
1287 1280 1307 1291 -
1461 1270 1489 1300 a
1523 1283 1540 1291 -
1577 1252 1858 1317 tempestate
1882 1251 2146 1316 subjicerer.

374 1319 453 1365 led
474 1316 715 1365 infirmitas
743 1318 792 1366 <Sc
824 1317 1036 1366 defeetus
1238 1347 1259 1358 -
1461 1319 1542 1367 nifi
1563 1318 1806 1368 infirmitas
1829 1320 1879 1370 δι
1909 1319 2138 1369 όεῑεᾶυε.

376 1400 518 1449 quam
544 1386 747 1449 petimus
769 1385 1140 1449 &intelligimus
1311 1414 1332 1425 -
1465 1402 1606 1451 quam
1629 1387 1837 1452 petimus
1858 1387 2272 1452 autintelligimus.

372 1451 544 1499 vestras
567 1452 691 1498 circa
727 1467 816 1499 nos
851 1477 869 1485 -
906 1453 1209 1501 fraternitatIS
1380 1481 1401 1492 ··
1468 1453 1649 1502 nostras
1674 1455 1799 1502 circa
1821 1470 1910 1502 vos
1942 1485 1959 1494 -
1991 1454 2237 1503 firmitatis.
2278 1468 2285 1477 '

200 1519 284 1586 Ep.
301 1519 508 1569 XCVII.
534 1527 759 1584 operatur
783 1519 1085 1570 voluntatem
1334 1541 1355 1581 ς
1457 1522 1540 1587 Ep.
1554 1522 1912 1586 CllI.operatur
1934 1521 2094 1587 legem
2121 1522 2220 1586 seu‘
2238 1519 2406 1572 volun·

1532 1597 1699 1638 tatem.

371 1655 421 1704 ἁ
443 1654 688 1703 divifiones
711 1655 1103 1706 ministrationum
1272 1658 1294 1698 ἓ
1464 1656 1515 1706 ὃ(
1535 1657 1784 1706 divifiones
1808 1655 2188 1707 ministeriorum.
2238 1703 2245 1705 .
2405 1692 2409 1696 ὴ
2449 1671 2461 1710 Ι

372 1722 498 1787 quast
520 1722 667 1779 oliva,
688 1723 812 1788 quali
836 1723 1075 1788 platanus,
1091 1722 1205 1772 ficut
1314 1735 1359 1759 ‘-
1459 1724 1584 1788 quasi
1606 1723 1734 1772 oliva
1769 1724 1975 1788 speciosa
1996 1726 2044 1771 in
2065 1723 2259 1788 campis,
2278 1723 2407 1771 sicut.

371 1788 732 1857 distinguuntur.
801 1791 1028 1857 Qidarn.
1245 1815 1267 1828 -
1458 1790 1816 1854 distinguuntur.
1888 1791 2068 1838 Videte
2079 1790 2239 1854 itaque
2263 1805 2405 1838 voca-

1522 1859 1703 1905 tionem
1725 1856 1928 1904 vestram
1947 1857 1997 1907 ὃς
2018 1857 2340 1920 unusquisque
2356 1857 2425 1904 in‘

1523 1939 1579 1971 ea
1601 1957 1616 1980 ,
1660 1940 1752 1988 qua
1772 1931 1972 1971 vocatus
1995 1922 2060 1970 est
2084 1956 2100 1980 ,
2144 1922 2405 1972 vocatione

1523 1998 1820 2055 permaneat.
1859 1991 2086 2056 Qidam.
2142 2039 2145 2042 ,
2349 2049 2353 2053 .
2381 2000 2390 2034 Γ

373 2061 422 2110 in
446 2058 594 2108 aliena
618 2059 777 2125 regula
808 2090 826 2099 -
862 2074 970 2109 eam
998 2060 1266 2110 contemtui
1365 2086 1386 2097 -
1453 2058 1502 2106 in
1525 2056 1612 2105 alia
1631 2057 1794 2122 regula
1822 2085 1844 2094 -
1873 2072 2041 2106 curam
2064 2062 2402 2107 contemnunt.

327 2126 333 2129 ”
370 2127 445 2176 Isti
466 2128 659 2175 dicitur:
686 2129 800 2175 Non
834 2153 852 2161 -
884 2129 1117 2193 percipiet:
1145 2143 1267 2176 eam.
1367 2154 1385 2163 -
1454 2121 1654 2189 Dqsimt.

368 2196 490 2242 Item
512 2195 636 2242 inter
659 2195 867 2243 diversos
907 2197 1097 2243 ordines
1296 2222 1317 2233 -
1453 2194 1574 2243 Item
1600 2195 1724 2241 inter
1751 2192 1993 2242 universos
2019 2192 2226 2241 ordines.

201 2262 684 2331 Ep.XCV111.mater
707 2261 889 2309 nostrat
927 2263 1025 2310 suas
1050 2262 1187 2310 nobis
1325 2284 1354 2310 -,
1460 2260 1801 2325 Ep.LXXX11.
1817 2269 1968 2307 mater
1979 2260 2144 2309 vestra:
2157 2258 2254 2306 suas
2268 2256 2405 2305 vobis

372 2337 427 2377 ut
442 2327 656 2394 polluant
676 2329 909 2393 templum
939 2327 1038 2393 ejus
1240 2351 1260 2361 -
1460 2336 1515 2376 ut
1535 2325 1752 2392 polluant
1770 2327 2001 2392 templum
2023 2324 2123 2390 ejus
2146 2322 2379 2374 sanetum..

372 2398 623 2462 Speramus
640 2403 802 2446 tamen
823 2397 871 2445 in
883 2413 943 2445 eo
983 2422 1000 2430 -
1021 2396 1246 2461 quoniam
1268 2410 1339 2444 re·
1409 2422 1429 2433 -
1462 2396 1713 2461 Speramus
1735 2401 1897 2444 tamen
1918 2396 1967 2443 in
1981 2409 2092 2442 eum
2119 2423 2139 2432 -
2176 2392 2399 2458 quoniam

345 2472 348 2475 ’
457 2464 620 2528 spiciet
1533 2463 1733 2527 respicit.
1826 2507 1829 2512 .

372 2530 481 2594 quia
502 2532 607 2579 urbs
632 2530 918 2580 fortitudinis
939 2531 1104 2580 nostrae
1124 2532 1239 2579 Sion
1337 2557 1355 2568 ·
1461 2531 1568 2595 quia
1589 2530 1697 2577 urbs
1715 2528 2002 2577 fortitudinis
2023 2528 2153 2577 Sion.

378 2597 409 2644 fi
425 2595 670 2660 diligamus
692 2601 890 2647 domurn
911 2599 1060 2662 Jacob
1262 2621 1281 2630 ·
1460 2599 1489 2645 si
1512 2596 1743 2662 diligimus
1765 2597 1960 2644 domum
1986 2596 2151 2659 Jacob.

373 2664 422 2712 in
440 2663 657 2727 sanguine
682 2666 788 2724 suo,
804 2682 944 2731 quarn
966 2667 1042 2714 sua
1061 2664 1308 2714 nativitate
1374 2687 1390 2698 ·
1459 2665 1510 2713 in
1539 2664 1786 2729 sanguine,
1802 2677 1941 2726 quam
1955 2662 2218 2710 nativitate.

373 2730 425 2780 &
446 2729 521 2778 alii
544 2731 791 2795 Magnates
807 2749 953 2798 ,quos
1373 2758 1393 2769 -
1458 2731 1508 2781 ὅ(
1528 2730 1604 2779 aiii
1627 2731 1873 2794 Magnates
1897 2736 2053 2786 terrae,
2077 2743 2198 2792 quos

373 2788 689 2862 urgentiffima
711 2808 843 2847 terrae
866 2798 1110 2849 neceffitas
1311 2826 1330 2839 -
1459 2794 1779 2863 urgentissima
1794 2792 2054 2843 neceffitas.

372 2865 619 2914 communi
640 2865 853 2932 Episcop.
888 2897 907 2907 -
952 2867 1298 2931 Comitumque
1371 2888 1392 2926 T
1457 2864 1817 2914 communitam
1847 2863 2063 2929 Episcop.
2100 2892 2118 2903 -
2147 2861 2393 2912 Comitum

433 2932 484 2981 ὅ(
499 2933 744 2985 baronum.
910 2929 917 2934 ’
1520 2949 1661 2997 quam
1675 2933 1926 2980 Baronum.
1941 2953 1956 2957 Α

368 2998 560 3051 Valete.
807 3022 826 3037 ι
1187 3029 1204 3042 -
1455 2996 1603 3061 Deest.

2304 3052 2393 3126 Ep.
