2471 3463
165 229 229 280 92
723 216 730 224 ·
869 202 1142 257 Ητέυηδεὴ
1155 203 1260 256 unb
1273 199 1626 260 mebi-iebant
1770 211 1772 213 '
2031 211 2095 272 133.
2113 172 2302 260 Period.
2326 185 2330 187 ’
2351 197 2385 230 ³

161 335 471 404 &ammerbt'cf
491 350 642 401 prope
662 329 821 384 villam
844 330 997 397 Sperne
1021 366 1035 396 Ι
1080 348 1275 398 quarum
1299 332 1401 398 duae
1423 332 1676 380 continent
1701 332 1814 381 οᾶὶο
1826 333 1997 401 jugera
2019 369 2034 394 ‚
2070 336 2119 385 &
2143 339 2367 399 confi-<m-

161 413 325 454 tantur
346 412 518 469 aparte
541 402 756 451 orientali
777 417 886 448 cum
909 409 1032 449 terra
1054 400 1205 448 Elveri
1229 400 1287 446 de
1309 405 1493 447 monte.
1565 397 1766 463 Relique
1779 403 1880 448 duae
1903 404 2030 466 petie
2045 419 2157 452 curn
2178 404 2368 456 dimidia

125 504 127 506 -
162 474 533 522 confrontantur
557 476 728 535 aparte
752 468 986 516 Orientali
1009 483 1117 514 cum
1140 476 1264 513 terra
1295 467 1513 530 proxime
1543 465 1773 530 descripta
1805 467 1957 517 Elveri
1989 459 2195 535 prz'ediffi
2219 505 2234 530 ‚
2271 473 2320 523 ὅ(
2341 492 2368 523 a

162 549 300 606 parte
323 537 608 587 occidentali
630 552 738 585 cum
760 544 884 583 terra
911 537 969 582 ad
992 533 1165 595 §2115th
1186 540 1388 580 matrem
1407 548 1564 580 meam
1585 536 1914 597 pertinentes„
1948 535 1996 585 δε
2019 553 2046 587 a
2068 546 2204 602 parte
2227 543 2365 590 mest„

165 607 342 657 dionali
359 605 492 654 dietae
513 606 651 670 petiae
674 618 839 651 omnes
866 602 1232 649 confrontantur
1254 615 1364 647 cum
1384 599 1510 648 dieto
1534 615 1708 665 aggere
1727 597 2036 662 spammetbicf
2057 636 2071 664 1
2108 605 2166 656 ὃς
2181 623 2207 654 a
2233 617 2366 671 parte

163 672 520 740 septentrionali
540 672 906 719 confrontantur
931 684 1039 716 curn
1060 668 1136 716 via
1158 665 1346 732 publica
1367 702 1384 725 .,
1424 683 1516 733 qua
1547 669 1640 714 itur
1666 669 1724 714 de
1746 667 1872 717 dicta
1893 669 2003 717 villa
2028 668 2191 733 {borne
2213 675 2369 724 versus

163 738 457 806 &dyibbeeFa
550 741 606 786 Et
629 735 898 802 hujusmodi
929 738 1067 802 petiae
1101 743 1234 783 terrae
1262 734 1398 783 nullis
1431 735 1527 783 aliis
1549 735 1774 783 reditibus
1809 736 1912 783 sunt
1935 746 2138 800 gravatae
2167 754 2259 789 nec
2283 757 2370 807 per

162 826 243 861 me
263 808 343 860 vel
365 808 575 856 haeredes
588 821 722 854 meos
743 812 823 852 aut
846 818 1154 868 quoscunque
1179 803 1294 851 alios
1320 805 1496 868 absque
1517 801 1627 851 dieti
1649 803 1740 850 Dn.
1754 803 1982 866 johannis
2016 806 2076 853 de
2096 807 2260 856 Verda
2290 824 2371 858 ex..

163 876 320 944 preffo
343 875 565 924 consensu
587 872 868 937 quibuslibet
892 869 989 918 aliis
1024 871 1286 918 redditibus
1315 869 1682 934 quomodolibet
1709 872 2049 934 gravabuntur.
2153 875 2208 922 Si⁴
2221 891 2369 936 vero,

2466 868 2468 870 .
2444 818 2469 860 ‘³³25
2446 695 2471 806 23:²⁸,ss

165 946 299 1010 quod
323 943 435 991 absit
455 976 469 1000 ,
507 940 650 989 diffcas
675 940 826 1004 petias
851 948 984 985 terrae
1009 939 1267 1002 contigerit
1290 954 1376 1002 per
1397 953 1730 1002 quemcunque
1765 939 1813 984 in
1836 938 2054 987 futurum
2072 945 2371 1005 quomodoli-
2454 977 2471 1001 n

163 1015 248 1061 bet
271 1010 507 1074 imbrigari
531 1008 700 1072 impeti
721 1006 798 1055 vel
821 1006 1067 1070 impediri,
1107 1021 1200 1069 ego
1222 1005 1272 1055 ὃς
1297 1006 1507 1053 haeredes
1531 1006 1626 1052 mei
1648 1006 1938 1053 tenebuntur
1957 1006 2372 1077 hujusmodispeti-
2461 1056 2471 1072 ,Ι

164 1096 213 1129 as
233 1087 367 1127 terrae
391 1078 440 1126 ὃς
461 1076 668 1124 redditus
694 1075 752 1122 ab
778 1074 910 1122 omni
932 1074 1196 1138 impetione
1222 1073 1631 1138 &impedimento
1666 1070 1879 1120 totaliter
1900 1073 2155 1138 disbrigare
2171 1096 2190 1136 ,⁷
2223 1094 2278 1126 ac
2302 1086 2371 1129 et-

155 1150 257 1198 iam
278 1145 437 1193 omnia
462 1145 635 1191 damna
658 1143 710 1192 ὃ(
737 1140 963 1207 expensas
978 1174 992 1198 ,
1010 1139 1039 1186 fi
1054 1155 1146 1204 que
1161 1139 1239 1189 vel
1252 1156 1366 1205 quas
1391 1156 1450 1187 ex
1474 1138 1742 1202 hujusmodi
1763 1141 2109 1205 impedimento
2132 1143 2211 1193 vel
2235 1161 2373 1195 occa-

162 1215 293 1264 sione
317 1213 563 1261 retardatae
587 1209 826 1258 solutionis
847 1207 1084 1256 ditiorum
1103 1210 1378 1256 reddituum
1409 1206 1510 1254 fieri
1536 1207 1794 1270 contigerit
1817 1239 1831 1264 ,
1866 1209 2372 1273 absque‚contradisti-
2448 1233 2450 1236 ·

165 1298 260 1331 one
282 1293 564 1346 quacunque
589 1276 716 1325 dieto
737 1278 861 1324 Dno.
888 1275 1096 1338 Johanni
1123 1275 1175 1324 ὅ(
1199 1275 1285 1323 suis
1299 1276 1560 1323 haeredibus
1578 1274 1826 1321 refundere
1848 1274 1897 1324 ὅ(
1916 1276 2134 1324 rescutire
2168 1295 2280 1327 cum
2305 1280 2372 1341 pf.

162 1348 293 1399 fe&u
317 1349 396 1396 sub
419 1346 698 1411 hypotheca
723 1344 771 1392 ὃς
796 1343 1086 1406 obligatione
1112 1344 1329 1389 omnium
1353 1344 1590 1389 bonorum
1613 1356 1830 1388 meorum
1851 1344 2146 1405 praelentium
2178 1347 2225 1396 ὅ(
2247 1347 2373 1395 futu·-

162 1412 340 1466 rorum·
414 1412 576 1461 Didius
591 1412 825 1458 Dominus
845 1410 1087 1473 Johannes
1113 1409 1172 1454 de
1197 1410 1362 1456 Verda
1384 1423 1475 1455 nec
1501 1408 1566 1455 sui
1589 1408 1798 1454 haeredes
1819 1423 1920 1455 non
1942 1418 2082 1457 erunt
2112 1412 2170 1458 ad
2199 1413 2374 1462 facien-

165 1486 279 1533 dum
292 1481 459 1538 Slusas‚
480 1494 611 1544 aquae
635 1476 827 1533 duetus,
862 1491 1057 1541 aggeres
1072 1508 1086 1532 ‚
1118 1474 1393 1524 exaffiones
1416 1508 1431 1533 2
1458 1473 1540 1529 ,vel
1562 1473 1648 1522 alia
1670 1489 1816 1521 onera
1840 1490 2132 1542 quaecunque
2157 1476 2374 1530 sustinen„
2446 1518 2447 1522 ,

165 1554 278 1601 dum
302 1546 668 1615 quomodolibet
691 1545 914 1608 obligati,
947 1545 1025 1591 sed
1045 1543 1121 1590 ille
1145 1542 1223 1591 vel
1243 1543 1330 1600 illi,
1367 1542 1448 1606 qui
1472 1539 1747 1604 hujusmodi
1775 1544 2009 1607 petiarum
2032 1552 2167 1594 terrae
2191 1551 2373 1613 propri-

165 1626 345 1667 etatem
369 1617 446 1665 feu
466 1610 800 1679 poffeffionem
825 1612 1042 1658 habuerit
1065 1611 1142 1657 seu
1163 1611 1444 1666 habuerint,
1482 1607 1605 1657 dieta
1630 1624 1775 1658 onera
1797 1609 2090 1674 stipportabit
2114 1613 2162 1662 ὅ(
2182 1615 2373 1680 suppor-

163 1688 347 1735 tabunt.
419 1682 607 1744 Insuper
640 1678 788 1727 dietus
811 1679 1045 1725 Dominus
1069 1678 1312 1740 Johannes
1337 1680 1394 1723 de
1417 1677 1581 1723 Verda
1613 1691 1670 1722 ex
1694 1676 1857 1724 favore
1879 1678 2041 1740 gratiae
2066 1679 2272 1743 specialis
2294 1685 2374 1731 de·

164 1755 236 1802 dit
253 1754 303 1802 &
323 1745 553 1799 conceffit
575 1747 692 1794 mihi
715 1746 763 1794 ὅ(
783 1746 1036 1793 heredibus
1057 1745 1173 1791 meis
1195 1744 1390 1791 liberam
1410 1742 1694 1807 potestatem
1722 1742 1871 1791 didos
1896 1746 2104 1794 redditus
2128 1745 2373 1800 reemendi

166 1821 300 1870 omni
324 1834 450 1867 anno
477 1816 597 1863 infra
628 1813 853 1863 ottavam
883 1812 1142 1859 festivitatis
1168 1811 1351 1859 Paschae
1380 1826 1468 1875 pro
1501 1811 1842 1874 quinquaginta
1865 1812 2038 1860 Marcis
2072 1815 2374 1866 denariorum

163 1884 509 1949 Hamburgens.
533 1883 582 1930 in
606 1881 788 1946 oppido
811 1878 1159 1943 Hamburgensi
1184 1879 1317 1942 supra
1336 1877 1462 1926 dicio
1484 1878 1609 1925 Dno.
1633 1878 1839 1941 Johanni
1861 1879 1919 1926 de
1943 1880 2105 1928 Verda
2127 1883 2373 1933 antedi&o

165 1957 243 2005 seu
265 1954 350 2002 suis
373 1950 638 1999 haeredibus
659 1947 1026 2013 persolvendum
1048 1964 1062 2007 3
1097 1947 1375 1993 Redditibus
1408 1945 1523 1992 illius
1556 1946 1666 1992 anni
1688 1948 1901 2009 proxime
1920 1954 2034 1994 tunc
2058 1948 2194 2013 elapsi
2217 1951 2373 2015 primi-

166 2031 241 2072 tus
264 2029 429 2069 ssamen
450 2015 707 2082 persolutis.
776 2015 877 2078 Ego
902 2022 1060 2061 autem
1082 2013 1130 2062 ὃς
1154 2014 1356 2060 heredes
1382 2013 1477 2059 mei
1500 2014 1767 2059 tenebimur
1788 2012 1914 2060 didio
1936 2014 2280 2077 Dno.Johanni
2295 2019 2374 2067 seu

167 2091 252 2140 suis
275 2087 527 2136 heredibus
549 2080 820 2146 hujusmodi
848 2082 1199 2145 reemptionem
1233 2083 1353 2128 intra
1387 2078 1608 2127 oritarum
1639 2080 1764 2126 beati
1788 2081 1981 2127 Martini
2002 2081 2221 2148 Episcopi
2257 2093 2372 2133 tunc

166 2156 383 2224 proxime
410 2150 718 2218 praecedentis
742 2147 1046 2214 personaliter
1067 2149 1298 2194 intimare.
1389 2147 1442 2193 ln
1468 2144 1599 2209 cujus
1624 2149 1691 2194 rei
1712 2146 2029 2203 testimonium
2054 2148 2247 2212 sigillum
2270 2167 2375 2199 me-

167 2242 249 2273 um
273 2238 331 2272 ex
355 2228 484 2269 certa
508 2217 696 2266 scientia
719 2215 1014 2281 praesentibus
1038 2216 1148 2261 duxi
1172 2215 1459 2278 appendum.
1528 2215 1703 2261 Datum
1728 2215 1777 2263 in
1798 2212 1925 2261 dieto
1947 2216 2128 2279 oppido
2141 2218 2377 2266 Hambur-

168 2291 294 2355 gens.
317 2293 461 2336 Anno
494 2285 604 2334 Dni.
627 2283 876 2333 Millesimo
911 2280 1231 2331 tresentesimo
1266 2280 1586 2346 o&i1agesi1no
1620 2279 1794 2332 ottavo
1817 2281 1891 2328 die
1923 2280 2142 2331 vicefima
2174 2285 2373 2350 septima
2453 2293 2458 2296 '

168 2356 336 2410 mensis
363 2355 536 2405 Martii.

873 2611 908 2645 A*
1275 2546 1557 2598 Concordat
1581 2561 1687 2599 eum
1713 2541 1924 2609 originali
1948 2544 1997 2592 in
2017 2543 2238 2592 omnibus

1802 2664 1880 2751 G.
1929 2660 2088 2735 Rosst
2102 2713 2121 2742 ,
2168 2685 2371 2759 mppr.

420 2766 525 2823 Αᾱ.
546 2769 590 2820 d.
612 2781 646 2833 4
656 2767 761 2835 Jun.
783 2768 875 2820 An.
897 2770 1036 2832 1586.

2047 3101 2109 3161 2.
2166 3071 2371 3160 Fun-
