2471 3463
126 159 716 233 ‘iz-oapfflebmbessemage.
1011 159 1119 218 von
1139 162 1340 214 &Petri
1363 163 1573 223 zui-ebe,
1612 233 1618 243 ι
1863 212 1866 215 ,
2137 172 2266 270 ἐξ

67 288 366 339 varicationis
388 286 683 351 exigentiam
701 294 869 352 eaptus
892 288 920 336 ἐι
943 289 1435 350 Diabolo-teneretur,
1468 290 1733 357 postulabat
1744 292 1944 357 justitia,
1974 302 2031 344 ut
2048 310 2149 342 non
2169 296 2257 343 eri-

23 379 26 382 *
68 356 261 420 peretur
278 368 363 419 per
383 354 684 412 violentiam,
722 355 796 403 sed
820 355 898 420 qui
920 371 1006 420 per
1029 357 1288 422 superbiam
1308 358 1457 423 lapsus
1477 358 1570 418 est,
1607 359 1681 408 sua
1700 392 1716 417 ,
1750 360 1778 407 fi
1802 360 1953 424 posset
1973 395 1990 420 ,
2028 362 2105 410 sed
2127 395 2143 420 ‚
2175 361 2257 426 qui

67 421 145 472 sua
165 436 264 469 non
288 427 477 486 poterat
498 453 513 477 ‚
550 421 700 469 aliena
724 421 883 469 saltem
905 422 1172 471 humilitate
1201 426 1477 490 resurgeret.
1575 427 1645 474 lta
1665 426 1975 476 CHRISTUS
1996 430 2255 485 innocens,

68 484 210 553 quem
230 502 376 551 agnus
399 487 620 551 paschalis
635 489 894 552 fignaverat
909 522 925 546 ,
968 488 1019 538 ὅ(
1041 491 1088 537 in
1109 489 1215 554 lege
1237 492 1281 538 se
1303 508 1391 556 pro
1419 492 1555 540 nobis
1577 492 1750 543 obtulit
1772 492 1971 542 hostiam
1995 489 2254 560 (al'utarem.

55 555 194 604 ‘Cum
215 552 292 601 lex
315 556 445 611 Moysi
469 570 659 618 capram
692 555 769 603 vel
800 569 944 604 ovem
976 554 1284 604 constitu-isset
1311 559 1514 621 pretium
1548 559 1607 605 ad
1629 559 1975 614 redemtionem
2000 562 2204 610 hominis
2229 561 2257 609 εὶ

65 628 283 685 peccato.
353 620 691 678 CHRISTUS,
718 635 794 681 per
812 638 936 684 quam
949 625 1104 682 gratia
1124 623 1175 667 <5
1195 625 1351 669 veritas
1366 625 1491 683 facia
1511 626 1597 684 est,
1632 627 1881 674 attendens
1903 628 2172 676 umbratiles
2193 628 2257 676 le·

17 703 22 708 ·
65 701 178 751 gum
204 690 497 735 ceremonias
529 704 629 735 non
654 675 930 736 sufficientes
952 689 1012 735 ad
1046 689 1236 737 salutem
1257 691 1462 738 hominis
1481 724 1506 758 ,¹
1538 708 1623 758 per
1656 692 2047 741 exIstimationem
2071 694 2257 759 pluri-mi

66 753 268 811 faciens,
301 770 442 818 quarn
465 755 733 819 sanguinem
758 755 873 802 hirci
896 786 912 810 ‚
945 757 1050 803 ovis
1073 755 1123 805 ὃς
1144 756 1304 814 vituli,
1338 759 1606 821 sanguinem
1630 759 1897 810 &mortem
1921 761 2044 809 suam
2065 777 2152 826 pro
2171 778 2258 809 no-

65 818 154 867 stra
176 819 318 868 salute
341 820 539 876 obtulit,
571 820 620 870 ὅε
641 820 699 868 fic
723 820 862 868 semel
886 824 1102 870 introivit
1120 823 1168 870 in
1189 822 1342 872 sancta
1365 824 1569 873 summus
1599 826 1648 876 ὅ(
1669 841 1810 875 verus
1834 829 2052 893 pontifex
2071 837 2260 876 aeternae

65 887 370 935 redemtionis
392 890 627 934 inventor.
697 889 900 952 Aperuit
919 889 1061 953 igitur
1079 889 1247 947 librum
1268 891 1316 940 ὅ(
1336 890 1472 950 solvit
1493 892 1721 958 signacula
1745 893 1844 958 ejus
1867 895 1942 951 leo
1965 896 2024 942 de
2048 895 2169 942 tribu
2182 896 2259 960 Ju-

34 979 42 995 κ
65 953 126 1000 da
147 986 164 1010 ‚
215 953 415 1017 &quod
436 950 592 1000 hostiae
611 951 769 1018 legalis
790 955 984 1008 minime
1007 963 1266 1020 potuerunt
1288 957 1492 1021 gladium
1515 962 1696 1008 amovit
1716 961 1979 1010 versatilem
2003 995 2018 1018 ‚
2053 962 2105 1018 ,ὃς
2129 978 2260 1027 para-

61 1019 183 1084 dyst,
215 1020 294 1083 qui
314 1019 531 1067 omnibus
555 1021 758 1085 antiquis
776 1020 953 1069 clausus
969 1024 1127 1071 fuerat
1145 1057 1160 1081 ‚
1195 1023 1444 1089 ingressum
1465 1026 1700 1076 reseravit.
1786 1029 1861 1076 Sic
1891 1028 2007 1078 olim
2030 1031 2261 1084 inssmorte

65 1084 506 1145 summiPontificiS‚
535 1085 714 1137 solebat
731 1090 812 1150 iis,
843 1090 924 1154 qui
950 1091 1009 1137 ad
1031 1090 1275 1140 civitatem
1296 1093 1466 1158 refugii
1492 1095 1835 1159 confugerant,
1868 1094 2052 1144 securus
2075 1097 2133 1143 ad
2153 1112 2262 1162 pro-

65 1153 164 1219 pria
185 1153 358 1200 reditus
380 1152 623 1217 indulgeri.
725 1154 854 1204 Olim
880 1157 1227 1206 consueverant
1248 1160 1487 1210 causari&
1505 1161 1597 1209 dici
1619 1178 1634 1208 ε
1669 1177 1756 1210 cur
1777 1164 1926 1228 exigit
1956 1164 1983 1210 a
2003 1178 2081 1210 me
2104 1164 2259 1211 DEUS

62 1218 258 1285 amplius
278 1251 294 1276 ‚
329 1234 470 1283 quam
492 1219 732 1270 a-coeteris
754 1225 975 1272 creaturis
997 1257 1014 1281 ,
1062 1225 1174 1290 quid
1207 1241 1295 1291 pro
1318 1242 1396 1275 me
1410 1227 1680 1277 laboravit?
1731 1230 1863 1279 Dixit
1881 1230 1930 1279 ὅ(
1951 1226 2101 1279 factus
2134 1230 2258 1288 (iim,

64 1282 410 1349 ficutjumenta
429 1286 477 1335 ὅ(
495 1289 686 1336 arbores
709 1289 758 1339 <Sc
780 1302 948 1338 caetera
973 1292 1182 1340 universa
1196 1325 1211 1349 ,
1249 1293 1308 1340 fic
1328 1295 1415 1341 suae
1437 1296 1667 1359 potentiae
1690 1303 1808 1344 nutu
1837 1296 2031 1362 soloque
2043 1293 2260 1360 juffionis

64 1354 256 1401 arbitrio
270 1355 564 1413 mecreavit3
595 1355 688 1401 Sed
700 1354 801 1417 jam
830 1356 1118 1405 obstru&um
1143 1355 1208 1405 est
1229 1374 1314 1406 cor
1334 1360 1632 1424 loquentium
1652 1363 1837 1427 iniqua,
1888 1363 2052 1427 &jam
2074 1365 2260 1414 homini

65 1416 341 1467 diffimulare
360 1433 460 1464 non
481 1418 619 1475 licet,
655 1429 836 1484 quanto
859 1437 948 1486 pro
969 1437 1030 1469 eo
1052 1424 1180 1471 Deus
1202 1427 1397 1482 fecerit,
1433 1427 1539 1491 qui,
1575 1436 1629 1476 ut
1650 1429 1831 1476 servum
1845 1431 2127 1488 redimeret,
2150 1446 2259 1496 pro-

66 1485 172 1550 prio
193 1481 289 1531 filio
311 1482 392 1531 suo
413 1499 509 1531 non
531 1487 759 1550 pepercit.
796 1486 946 1535 Porro
967 1489 1014 1537 in
1041 1489 1132 1537 hac
1150 1489 1319 1544 nostrae
1337 1492 1488 1541 salutis
1512 1495 1856 1558 dispensatione
1878 1495 2066 1545 dileffio
2079 1497 2260 1546 CHRI-

67 1550 166 1599 STI
182 1550 318 1598 nobis
341 1549 609 1598 medullitus
631 1554 846 1601 intimata
867 1554 960 1612 est,
997 1557 1078 1621 qui
1099 1588 1114 1613 ,
1151 1572 1259 1605 <um
1280 1562 1326 1606 in
1350 1559 1454 1623 lege
1479 1561 1640 1609 MorSl
1672 1563 1810 1610 nobis
1843 1562 2148 1612 dileetionem
2167 1565 2261 1614 Dei

64 1616 115 1666 ὅ(
136 1617 338 1681 proximi
360 1618 541 1664 dederit
562 1618 610 1664 in
634 1621 889 1677 mandatis,
921 1625 1123 1670 eandem
1146 1626 1194 1672 in
1216 1624 1373 1672 schola
1394 1627 1679 1691 evangelica:
1697 1627 1950 1694 'disciplinae
1969 1628 2260 1694 frequentius

65 1682 115 1733 ὅ(
134 1683 299 1730 fortius
323 1683 478 1730 verbis
501 1683 753 1732 &tandem
779 1687 1074 1735 exhibitione
1097 1692 1255 1753 operis
1278 1692 1545 1741 inculcavit.
1616 1692 1849 1757 Majorem
1866 1699 1994 1744 enim
2015 1698 2262 1747 caritatem

64 1749 376 1796 nemohabet
397 1782 412 1807 ,
468 1758 522 1797 ut
543 1752 747 1799 animaru
772 1752 897 1800 suam
923 1763 1075 1818 ponat
1099 1759 1200 1821 quis
1222 1773 1309 1822 pro
1330 1760 1490 1808 amieis
1520 1759 1604 1811 fisis
1627 1797 1641 1809 .
1689 1762 1818 1810 dedit
1836 1765 1997 1828 itaque
2015 1765 2262 1814 materiam

66 1814 285 1880 diligendi
306 1815 374 1872 se,
404 1816 491 1880 >qui
515 1817 562 1864 in
587 1818 670 1866 suis
696 1818 1021 1869 dileffionibus
1042 1837 1130 1870 nos
1157 1826 1387 1887 praevenit
1406 1859 1420 1883 ‚
1455 1843 1545 1875 nec
1567 1827 1691 1877 aliud
1717 1828 1744 1876 a
1765 1831 1899 1878 nobis
1923 1831 2082 1896 exiget
2101 1864 2116 1889 ‚
2151 1832 2261 1889 nisi,

67 1889 122 1931 ut
141 1883 287 1948 ipsum
301 1881 542 1948 diligamus
567 1899 627 1932 ex
652 1887 812 1934 corde.
883 1889 1008 1936 Sane
1026 1889 1322 1939 inhumanus
1353 1892 1403 1943 ὅ(
1424 1894 1650 1953 crudeliS‚
1686 1897 1766 1962 qui
1785 1897 2148 1948 misericordiam
2163 1896 2262 1966 eius

74 1964 174 1997 non
193 1947 363 1997 recolit
386 1983 400 2006 ‚
432 1951 511 2016 qui
535 1952 793 2001 Dominum
818 1953 1106 2003 clementem
1130 1972 1190 2006 ex
1212 1957 1384 2008 affee'tu
1410 1977 1510 2009 non
1530 1962 1680 2027 diligit
1696 1995 1712 2020 ‚
1747 1965 1825 2029 qui
1848 1964 1893 2013 se
1912 1981 2001 2030 pro
2021 1980 2081 2014 eo
2103 2000 2120 2025 ‚
2152 1982 2264 2019 cum

61 2029 189 2079 ‘opus
209 2014 302 2071 est,
333 2019 497 2065 mortis
518 2019 729 2083 periculo
750 2021 1113 2072 defiderabiliter
1129 2040 1228 2072 non
1250 2029 1465 2091 exponit.
1531 2030 1842 2079 CHRISTUS
1869 2039 2027 2081 autem
2048 2041 2263 2084 mortuus

69 2081 134 2129 est
155 2081 203 2130 ὅ(
227 2081 453 2146 sepultus,
485 2086 624 2132 tertia
643 2087 717 2149 die
735 2089 978 2153 resurgens
1006 2090 1033 2137 ἐι
1056 2095 1254 2140 mortuis
1269 2126 1285 2148 ,
1335 2093 1450 2142 sicut
1471 2095 1938 2162 discipulislvivendo
1958 2100 2262 2164 praedixerat,

70 2148 232 2194 iisdem
253 2146 413 2212 postea
433 2149 704 2214 frequenter
723 2157 939 2216 apparuit
960 2189 976 2212 ,
1008 2157 1056 2206 ὅ(
1079 2174 1186 2206 cum
1209 2159 1311 2224 ipsis
1329 2160 1528 2226 loquens
1548 2162 1598 2212 &
1621 2166 1878 2212 comedens
1898 2199 1913 2222 ‚
1952 2165 2139 2214 ostensis
2163 2168 2262 2217 vul-

68 2215 255 2266 neribus
277 2229 500 2264 manuum
524 2218 700 2282 pedum
724 2219 974 2279 aelateris,
1008 2224 1056 2271 in
1078 2227 1299 2291 cordibus
1340 2231 1679 2292 quorundam,
1715 2233 1794 2294 qui
1818 2232 2263 2294 adhuchaesitabant

69 2281 118 2328 in
139 2278 248 2337 fide,
261 2279 522 2330 ostensione
536 2283 790 2333 vulnerum
809 2287 974 2336 vulnus
997 2290 1301 2341 dubitationis
1323 2296 1522 2343 amovit.
1591 2297 1918 2361 Qadraginta
1937 2298 2079 2363 igitur
2100 2301 2265 2350 diebus

54 2361 180 2394 *cum
199 2347 266 2394 eis
291 2347 527 2396 visibiliter
548 2353 880 2409 conversatus,
918 2356 1095 2404 eisdem
1128 2361 1490 2418 comitantibus,
1525 2362 1729 2410 venitin
1748 2372 1967 2412 montem
1988 2364 2180 2426 oliveti,
2213 2368 2266 2419 δε

70 2413 335 2460 videntibus
360 2413 445 2462 illis
472 2415 683 2466 elevatus
707 2419 772 2466 est
800 2454 814 2477 ,
865 2421 915 2470 ὅ(
947 2416 1152 2471 ascendit
1179 2427 1237 2473 ad
1261 2435 1442 2489 patrem
1467 2458 1482 2482 ,
1532 2434 1588 2474 ut
1618 2442 1728 2477 eum
1762 2430 1810 2477 iu
1832 2430 1975 2494 patris
1997 2433 2263 2498 aequalitate

69 2479 341 2536 credamuS,
377 2489 518 2545 atque
541 2484 587 2529 in
609 2487 852 2533 communi
874 2488 1210 2538 resurreetione
1231 2493 1450 2540 vivorum
1469 2493 1518 2544 &
1544 2503 1842 2544 mortuorum
1867 2494 2080 2561 judicem
2105 2502 2264 2567 exspe-

72 2544 288 2594 ἃειῃυε..
331 2547 379 2594 Si
398 2562 512 2612 ergo
539 2550 681 2597 habes
714 2552 761 2598 in
786 2553 1016 2601 desideriis
1041 2556 1101 2601 de
1125 2558 1331 2605 tenebris
1353 2560 1543 2623 prodire
1566 2562 1615 2610 in
1633 2561 1789 2610 lucem
1810 2563 1861 2614 &
1895 2564 2117 2631 amplecti
2151 2568 2263 2617 salu-

71 2612 319 2661 berrimam
340 2612 496 2678 legem
518 2615 770 2666 CHRISTI
803 2626 917 2667 tunc
944 2622 1313 2672 conversationis
1334 2628 1560 2693 primitias
1580 2626 1770 2679 lavaero
1795 2630 1981 2679 neceffe
2010 2633 2077 2682 est
2103 2635 2263 2696 conse-

73 2680 186 2727 crari
208 2712 224 2736 ‚
270 2687 350 2728 aut
377 2680 629 2730 consedisti
653 2685 932 2748 baptismate
960 2721 975 2744 ‚
1024 2698 1258 2754 quatenus
1278 2692 1489 2757 deposita
1508 2694 1559 2744 in
1580 2698 1711 2760 aquis
1739 2699 2113 2762 regenerationis
2131 2709 2266 2754 vetu-

73 2741 187 2794 state
205 2748 392 2809 peccati
409 2748 458 2796 in
481 2765 669 2811 novam.
686 2752 852 2802 animae
873 2755 1204 2804 innocentiam
1227 2773 1283 2806 ac
1305 2760 1410 2808 vitae
1429 2759 1679 2812 infantiam
1700 2765 1951 2815 renascaris
2194 2766 2198 2768 ’

328 3051 361 3101 1.
384 3049 563 3120 thena
591 3057 887 3122 namne.
1456 3038 1549 3128 δὲ
1818 3079 1822 3082 ·
2204 3066 2270 3118 V·
