2471 3463
190 150 282 198 188
873 131 1288 195 &flammant
1313 133 1668 196 ‘auctoritatem
2118 110 2385 201 3.Per⁸i0d.r

2241 218 2391 239 ἡ

1101 263 1168 306 De
1203 259 1487 320 Sexagefimae.

351 347 758 397 SEXAGESIMA
780 344 1035 393 inchoatur
1058 340 1086 390 a
1108 341 1362 390 Dominica
1382 374 1397 400 ,
1435 357 1528 407 qua
1552 347 1769 391 cantatur
1791 347 1965 406 Exurge
1995 342 2045 393 δε
2066 344 2211 392 etiam
2232 344 2390 394 termi-

177 423 319 466 natur
342 418 391 479 in
414 425 579 482 quarta
599 416 716 463 feria
737 411 842 480 post
864 410 1052 460 Pascha.
1981 427 1991 445 ;
2353 407 2356 409 ’

143 545 153 549 λ
396 484 610 532 Instituta
632 482 698 531 est
727 489 888 529 autem
910 484 1108 544 propter
1129 477 1458 540 redemptionem
1481 507 1495 531 ,
1540 475 1590 526 δε
1611 471 2187 542 proptei’fignificationem
2209 477 2259 528 ὃ(
2280 493 2390 542 pro·
2420 487 2426 498 ²

177 559 285 617 pter
306 555 716 616 representationem
737 579 751 604 ,
789 555 988 614 propter
1008 547 1336 608 redemptionem
1357 561 1498 611 quam
1524 546 1817 593 Melchiades
1838 546 1966 612 Papa
1995 547 2046 597 ὅ(
2067 545 2284 599 Silvester
2307 545 2390 594 sta-

176 629 399 678 tuerunt,
438 627 491 668 ut
516 620 585 668 bis
609 621 658 667 in
681 618 813 666 omni
835 615 1043 662 Sabbato
1071 615 1435 672 comederetur,
1467 627 1529 661 ne
1553 620 1753 678 propter
1775 612 2131 673 abstinentiam,
2149 629 2289 681 quam
2303 614 2392 662 ho·
2439 619 2443 623 “

175 688 328 736 mines
355 687 684 737 substitueram:
720 686 769 732 in
794 683 912 731 Vlta
933 683 1049 730 feria
1073 716 1088 740 ‚
1135 683 1186 731 in
1213 698 1306 747 qua
1340 682 1472 730 omni
1503 689 1724 746 tempore
1745 678 2059 746 jejunandum
2083 682 2150 732 est
2171 717 2186 742 ,
2223 689 2391 729 natura
2427 685 2430 688 ’

175 754 514 806 debilitaretur.
619 755 671 802 In
701 753 984 814 redemptione
1015 764 1131 816 ergo
1155 751 1472 798 Sabbatorum
1503 748 1622 797 illius
1655 750 1884 816 temporis
1914 765 2059 798 unam
2083 751 2390 817 septimanam
2436 788 2449 796 t

174 824 286 882 XL,
317 824 599 872 'addiderunt
622 837 682 870 ex
702 822 888 869 LXam.
910 825 1163 868 vocarunt.
1264 817 1371 867 Alia
1408 818 1529 866 ratio
1575 816 1641 865 est
1676 826 1877 884 propter
1912 817 2260 881 fignificationem
2283 817 2391 882 quia

173 891 311 951 LXa.
349 890 575 957 significat
597 898 787 955 tempus
811 889 1046 935 viduitatis
1070 885 1330 944 Ecclesiae,
1361 886 1412 936 ὃς
1436 900 1698 935 moerorem
1727 886 1845 935 illius
1865 902 1953 951 pro
1976 888 2180 937 absentia
2202 883 2350 951 sponsi
2372 917 2388 942 ‚
2448 892 2455 897 ’

173 961 579 1025 quemadmodum
595 956 773 1006 &ustus
792 954 1098 1020 sexagesimus
1119 955 1319 1003 debetur
1337 954 1505 1004 viduis.
1574 954 1626 1001 In
1648 956 1970 1017 consolationem
1988 964 2148 1005 autem
2170 955 2286 1004 illius
2301 967 2390 1017 pro

175 1027 381 1075 absentia
397 1026 548 1092 sponsi
573 1026 636 1074 sui
652 1025 794 1091 quiin
806 1023 984 1072 coelum
996 1031 1157 1088 raptus
1172 1022 1238 1070 est
1261 1020 1656 1070 dantur-Ecclefiae
1678 1024 1780 1077 duae
1801 1024 1882 1072 alae
1897 1024 1987 1073 sive
2001 1039 2200 1090 operum
2216 1023 2294 1071 sex
2306 1021 2391 1069 mi·
2444 1068 2461 1076 .,

173 1096 423 1144 sericordie
445 1095 754 1150 exercitatio,
790 1092 840 1142 ἃ
863 1090 1080 1156 decalogi
1101 1089 1320 1156 impletio
1345 1123 1359 1148 ,
1392 1092 1519 1138 unde
1543 1090 1840 1156 Sexagesima
1865 1092 1998 1140 sonat
2019 1093 2163 1141 sexies
2192 1091 2389 1145 decem,
2467 1105 2471 1107 ·

172 1172 227 1212 ut
251 1179 337 1229 per
357 1163 441 1213 Vl.
464 1161 766 1226 intelligatur.
837 1160 923 1207 VI.
950 1174 1098 1224 opera
1111 1159 1425 1207 misericordie
1441 1191 1457 1216 ,
1493 1173 1580 1223 per
1602 1160 1653 1206 X
1672 1160 1958 1225 intelligatur
1977 1159 2250 1224 decalogus.
2271 1157 2390 1210 Ter-

171 1233 240 1281 tia
262 1232 384 1279 ratio
408 1229 474 1279 est
496 1237 697 1295 propter
715 1228 1124 1290 representationem
1143 1260 1158 1284 ,
1205 1243 1315 1274 nam
1336 1225 1616 1290 sexagesima
1639 1243 1740 1277 non
1764 1227 1911 1276 solum
1937 1235 2126 1292 ternpus
2154 1227 2390 1273 viduitatis·
2436 1239 2443 1247 ⁸

169 1297 423 1365 fignificat,
455 1297 594 1346 sed&
615 1295 884 1360 mysterium
905 1295 1202 1357 redemptionis
1223 1292 1390 1351 nostrae
1411 1294 1734 1359 repraesentat:
1773 1296 1899 1360 Quia
1919 1309 2004 1359 per
2021 1296 2087 1343 X.
2113 1290 2392 1359 intelligitur
2450 1355 2453 1357 Α

169 1369 324 1417 homo
343 1368 423 1431 qui
444 1364 510 1413 est
526 1365 713 1412 decima
732 1365 952 1428 dragma,
990 1377 1051 1409 eo
1075 1363 1204 1426 quod
1218 1360 1455 1426 perfeti'ms
1470 1361 1546 1417 sit,
1578 1369 1632 1408 ut
1654 1365 1836 1411 ruinam
1861 1364 1932 1410 IX
1953 1362 2171 1409 ordinum
2181 1366 2389 1428 reparet,
2451 1367 2454 1369 ’

169 1435 248 1485 vel
269 1434 545 1498 intelligitur
565 1447 651 1496 per
671 1433 735 1479 X.
760 1445 821 1478 eo
843 1431 974 1495 quod
1004 1428 1189 1476 constat
1217 1443 1277 1475 ex
1303 1436 1509 1493 quatuor
1530 1429 1809 1476 humoribus
1832 1445 1973 1494 quam
2009 1431 2068 1476 ad
2091 1444 2264 1495 corpus
2286 1463 2300 1486 ,
2337 1429 2388 1479 &

168 1504 350 1552 habent
372 1510 466 1550 tres
491 1500 731 1566 potentias
755 1499 805 1545 in
824 1499 979 1547 anima
998 1530 1012 1555 ,
1058 1497 1191 1547 sciliae
1224 1497 1507 1544 memoriam
1530 1529 1545 1553 ,
1608 1495 1971 1561 intelligentiam
2001 1497 2050 1546 ὅ(
2069 1495 2406 1545 voluntatem„

170 1573 286 1636 Qo
308 1568 421 1618 fasti
465 1568 570 1616 sunt
612 1575 666 1614 ut
705 1566 907 1614 serviant
950 1563 1219 1614 beatissimae
1242 1564 1495 1621 Trinitati,
1551 1571 1604 1612 ut
1643 1565 1692 1612 in
1717 1565 1864 1629 ipsam
1888 1563 2089 1612 fideliter
2111 1565 2387 1622 credamuS,

168 1640 315 1704 ipsam
334 1638 577 1686 ferventer
599 1635 842 1699 diligamus
867 1667 882 1691 ,
923 1632 973 1683 <Sc
997 1633 1179 1698 semper
1210 1633 1259 1679 in
1278 1634 1514 1680 memoria
1537 1639 1784 1680 teneamus
1807 1666 1821 1690 ,
1854 1648 1940 1697 per
1961 1632 2039 1680 sex
2061 1631 2388 1696 intelliguntur

168 1708 256 1755 VI.
292 1703 509 1769 mysteria
537 1718 622 1767 per
643 1717 744 1766 quae
769 1702 920 1748 homo
944 1700 1140 1749 decimis
1164 1699 1230 1747 est
1254 1700 1510 1762 redemptae.
1611 1702 1731 1765 Qae
1755 1701 1859 1747 sunt
1883 1700 2147 1747 incarnatio
2169 1732 2185 1757 ,
2218 1700 2387 1749 natIVi-

168 1783 267 1832 taS,
304 1769 480 1839 paffio,
515 1769 757 1818 descensus
782 1770 841 1815 ad
863 1768 1039 1815 inferos
1063 1801 1077 1823 ,
1114 1766 1392 1815 resurreffio
1417 1799 1432 1823 ,
1468 1767 1517 1816 ὃς
1540 1769 1586 1814 in
1611 1767 1789 1814 coelum
1812 1766 2032 1814 ascensio,
2100 1767 2159 1813 Et
2191 1775 2387 1831 proten·

170 1845 293 1891 ditur
313 1843 446 1889 LXa.
486 1852 633 1903 usque
656 1839 713 1884 ad
734 1837 816 1884 IV.
837 1837 1004 1884 seriam
1025 1833 1129 1900 post
1149 1834 1346 1891 Pascha,
1360 1835 1408 1881 in
1431 1849 1524 1899 qua
1546 1841 1779 1882 cantatur.
1854 1835 2002 1880 Venite
2021 1834 2226 1883 benedi&
2241 1840 2388 1882 Patris

169 1912 283 1957 mei..
356 1908 482 1974 Qia
505 1906 568 1954 illi
592 1907 671 1969 qui
696 1907 745 1952 in
768 1903 992 1968 operibus
1017 1902 1335 1950 misericordie
1359 1901 1404 1949 se
1426 1909 1680 1959 exercent,
1715 1901 1909 1949 audient
1932 1901 2075 1949 etiam
2097 1903 2245 1949 venite
2264 1903 2387 1950 bene.

169 1980 275 2026 dim
298 1983 351 2024 ut
382 1975 477 2041 ipse
499 1972 712 2023 Christus
733 1971 954 2027 testatur,
982 1969 1209 2019 videlicet
1263 1977 1378 2017 tunc
1400 1969 1572 2035 sponsae
1592 1967 1735 2033 janua
1767 1970 2006 2032 aperietur
2026 2002 2041 2026 ,
2090 1969 2140 2019 ὅ(
2162 1969 2386 2036 amplexu
2457 2026 2461 2027 ⁷

169 2045 319 2112 sponfi
341 2044 538 2092 fruetur.
642 2041 695 2088 In
715 2037 921 2104 Epistola
942 2038 1070 2086 Pauli
1091 2038 1378 2085 admonetur
1399 2069 1414 2095 ,
1451 2045 1505 2085 ut
1526 2037 1586 2084 ad
1608 2036 1749 2085 instar
1778 2035 1909 2084 Pauli
1941 2035 2296 2086 tribulationem
2322 2040 2386 2088 de

169 2113 373 2163 absentia
396 2109 546 2176 sponsi
570 2108 808 2174 patienter
827 2105 1030 2163 toleret,
1076 2106 1125 2152 in
1151 2103 1413 2168 Evangelio
1449 2119 1511 2151 ne
1547 2104 1841 2152 seminationi
1908 2104 2149 2153 bonorum
2183 2120 2387 2171 operum

169 2183 353 2248 spiritus
376 2176 551 2227 resistat
571 2210 586 2233 ,
624 2176 672 2225 ὅ(
695 2190 796 2240 quae
820 2174 944 2238 quasi
965 2173 1213 2237 desperans
1242 2171 1544 2220 clamaverat.
1649 2171 2028 2218 Circumdederunt
2060 2189 2140 2219 me.
2208 2226 2211 2230 ,
2239 2174 2385 2223 Nunc
2457 2170 2470 2179 ’

172 2249 446 2316 quoque-ad
469 2246 515 2294 se
534 2245 719 2295 rediens
745 2242 868 2308 petit
887 2242 936 2289 in
960 2239 1122 2289 officio
1145 2274 1160 2298 ,
1197 2240 1246 2288 in
1268 2237 1651 2289 tribulationibus
1675 2237 1886 2303 adjuvari
1915 2272 1930 2296 ,
1967 2239 2016 2290 ὅ(
2038 2241 2097 2288 ab
2126 2239 2229 2305 ipsis
2252 2241 2384 2307 eripi.

170 2318 301 2365 Dicit
328 2317 505 2376 exsurge
524 2313 618 2362 ὄις.
655 2311 704 2361 ὅ(
725 2310 862 2376 ponit
882 2310 945 2357 ibi
966 2306 1154 2384 triplex.
1225 2309 1431 2369 Exsurge.
1504 2308 1715 2373 Qidam
1740 2306 1868 2354 enim
1892 2307 2061 2355 suntin
2081 2306 2283 2355 Ecclesia
2303 2297 2384 2374 qui

169 2382 370 2434 adversis
393 2388 707 2447 premuntur,
751 2379 827 2427 sed
848 2394 948 2425 non
971 2376 1215 2441 dejiciunt.
1322 2374 1532 2442 Qidam
1560 2376 1640 2441 qui
1674 2381 1956 2440 premuntur
1991 2374 2041 2424 ὃς
2077 2372 2381 2439 dejiciuntur.
2441 2382 2444 2383 ’

171 2447 380 2520 Qidam
403 2464 493 2495 nec
516 2455 799 2512 premuntur
821 2461 913 2493 nec
934 2443 1219 2509 dejiciuntur
1239 2477 1254 2501 ,
1292 2450 1456 2491 tamen
1482 2444 1591 2508 quia
1615 2441 1809 2491 adversa
1830 2457 1930 2489 non
1951 2440 2177 2492 tollerant
2196 2444 2384 2508 pericu-

169 2521 269 2569 lum
292 2517 358 2566 est
380 2531 441 2563 ne
465 2515 687 2580 prospera
711 2529 792 2561 eos
814 2514 1051 2577 frangant.
1136 2511 1328 2560 Clamat
1352 2526 1468 2574 ergo
1492 2508 1685 2558 ecclefia
1707 2517 1762 2557 ut
1781 2517 1982 2574 exurgat
2002 2543 2017 2567 ,
2061 2509 2187 2575 quasi
2208 2511 2267 2557 ad
2290 2511 2381 2575 pri-

94 2594 98 2597 ‘
168 2604 275 2636 mos
300 2585 424 2652 ipsos
447 2582 768 2631 confortando
790 2615 805 2637 ,
853 2596 964 2628 cum
998 2580 1205 2630 dormire
1227 2579 1446 2629 videatur
1472 2578 1597 2644 ipsos
1630 2593 1732 2626 non
1756 2577 2015 2641 eripiendo.
2115 2575 2306 2625 Clamat
2326 2586 2382 2626 ut

166 2666 358 2717 exurgat
382 2650 508 2718 quasi
529 2649 588 2697 ad
608 2649 764 2695 socios
787 2649 910 2712 ipsos
940 2648 1274 2697 convertendo
1299 2681 1315 2704 ,
1350 2645 1377 2693 ἓ
1401 2647 1568 2711 quibus
1589 2645 1780 2695 videtur
1809 2645 1982 2692 faciem
2016 2641 2232 2692 avertisse
2253 2644 2378 2709 ipsos

171 2720 533 2791 quodammodo
554 2714 848 2781 repellendo.
950 2715 1141 2766 Clamat
1172 2723 1224 2765 ut
1242 2715 1450 2779 exsurgat
1469 2714 1875 2782 quemadmodum
1906 2712 1965 2759 ad
1993 2710 2158 2760 tertios
2184 2711 2307 2778 ipsos
2327 2712 2378 2762 in

169 2791 400 2860 prosperis
426 2783 725 2852 adjuvando,
757 2782 807 2832 δε
827 2782 1084 2832 liberando,

1029 2870 1094 2911 De
1125 2865 1518 2932 Qinquagest'mtt.

341 2930 902 3003 QVINQVAGESIMA
937 2932 1109 2980 durant
1134 2950 1160 2980 a
1197 2933 1449 2981 Dominica
1485 2928 1579 2998 qua
1597 2933 1829 2978 cantatur.
1896 2925 1987 2983 Esto
2009 2924 2119 2971 mihi
2145 2924 2196 2974 ἀ
2215 2923 2376 2986 termi-

171 3014 308 3061 natur
331 3003 491 3069 inipso
512 3004 589 3051 die
612 2999 799 3050 Paschae
832 3031 848 3058 ,
901 2998 1211 3061 Institutaest
1233 3009 1393 3051 autem
1423 3000 1473 3051 ὅ(
1494 3004 1692 3066 propter
1710 2995 2009 3060 suppletionem
2037 3027 2053 3054 ,
2105 2991 2154 3043 ὅ(
2176 2998 2389 3122 ρι’(ἲρεεζ

2267 3073 2377 3123 18111-
