2547 3442
174 251 205 288 2
226 233 347 299 Cap.
361 225 513 296 fiinffie
524 226 744 294 ἓὸίφῐαςθὲ
992 228 1097 282 ὓθῆ
1108 217 1164 274 S
1176 219 1469 273 Catharinen
1487 216 1695 279 lurdat,
2240 244 2262 280 1
2274 243 2306 282 ις

113 302 2309 332 ΜΨ

107 354 240 414 gant,
252 348 333 404 ita,
358 344 489 410 quod
508 340 706 407 quilibet
725 340 882 390 servet
903 341 1029 387 suam
1044 337 1353 403 septimanam
1365 335 1632 399 inlegendo
1645 337 1845 400 primam
1856 333 2035 383 miffam
2046 333 2095 383 &
2107 330 2222 380 alius
2233 339 2303 401 te·-

107 423 222 464 neat
246 412 498 461 secundam
515 408 694 458 missam
715 407 766 456 in
787 408 908 457 hora
929 421 1021 473 que
1043 402 1325 454 vicere&ori
1352 402 1589 452 videbitur
1609 402 1919 466 conveniens·
1987 402 2047 449 Et
2062 400 2198 467 :quod
2221 399 2305 448 die

108 481 239 530 S‘abti
258 476 436 528 missam
471 476 713 526 celebrent
734 476 794 523 de
816 472 958 539 beata
976 473 1177 538 Virgine
1196 470 1465 536 sollepniter
1487 468 1787 517 decantando
1808 485 1828 530 ς
1858 467 2042 516 Eodem
2070 469 2219 516 modo
2234 468 2305 517 vi·-

107 548 280 597 delicet
319 536 590 610 solle'pnite'r
615 542 794 592 missam
823 541 1067 590 celebrent
1094 554 1183 605 pro
1217 536 1426 586 defun&
1463 536 1597 585 omni
1639 536 1842 585 secunda
1880 533 2010 585 feria.
2109 536 2158 584 Si
2185 550 2305 585 vero

107 629 229 663 unus
256 614 477 662 vicar-ior.
507 619 704 677 propter
737 607 1062 657 infirmitatem
1089 639 1104 664 ,
1149 605 1230 655 vel
1260 604 1382 653 aliud
1402 601 1580 669 justum
1616 603 2020 669 impedimentum
2046 616 2144 648 non
2164 611 2305 668 pote-

107 684 170 730 rit
202 679 475 744 hujusmodi
507 680 709 743 primam
740 675 916 726 miffam
950 676 1130 724 servare
1158 706 1173 730 ‚
1218 687 1278 721 ex
1311 679 1426 720 tunc
1456 671 1622 719 sociusv
1639 670 1740 718 suus
1758 685 1883 718 eam
1912 668 2041 732 legat
2061 700 2076 724 ,
2107 670 2194 716 vel
2212 685 2305 734 per

109 748 252 797 alium
264 748 556 795 sacerdotem
570 746 712 794 faciat
731 760 837 792 eam
856 745 963 791 dici.
1033 742 1091 789 Et
1102 740 1148 797 fi,
1161 740 1291 805 quod
1305 738 1433 796 abfit,
1451 739 1499 785 in
1518 738 1614 784 hoc
1626 736 1923 801 negligentes
1935 734 2107 782 fuerint
2118 750 2178 783 ex
2191 743 2307 784 tune

107 815 309 866 heredes
332 812 444 861 disti
464 813 645 861 Hinrici
664 813 724 860 de
757 811 872 859 scitu
909 810 959 860 ὅ(
989 808 1237 858 voluntate
1272 822 1382 863 nra,
1414 820 1500 871 per
1531 804 1894 852 subtractionem
1914 801 2182 850 reddituum
2203 818 2308 867 prez-

108 879 343 930 difitorum
367 895 451 927 eos
477 887 704 945 poterunt
728 876 1017 943 compellere
1040 876 1099 924 ad
1121 875 1395 923 servandam
1417 869 1594 920 miffam
1607 870 1867 937 predifiiam
1876 877 1930 918 ut
1950 869 2183 933 prefertur
2199 885 2311 918 cum

108 939 313 998 maxime
336 954 595 1011 propterea
616 946 823 1012 prefatus
844 945 1076 994 Dominus
1091 942 1313 991 Hinricus
1330 941 1414 988 has
1436 938 1634 988 vicarias
1661 939 1878 987 fundavit
1897 937 2146 991 &dotavit
2156 937 2311 984 utiter

109 1029 250 1079 agere
259 1015 479 1063 volentes
491 1014 540 1062 ὅ(
552 1028 782 1078 pauperes
792 1012 1100 1068 laboratores,
1114 1018 1368 1074 antequam
1383 1008 1440 1055 ad
1453 1022 1547 1071 opa
1562 1006 1638 1054 sua
1648 1006 1825 1054 vadant
1845 1001 2021 1069 poffint
2041 1001 2221 1051 miffam
2232 1019 2315 1050 au-

110 1083 224 1130 dire.
270 1081 417 1128 Iidem
437 1081 582 1128 etiam
600 1081 780 1128 Vicarii
792 1095 902 1128 cum
911 1077 1141 1143 religione
1163 1076 1376 1124 *diurnis
1390 1071 1556 1123 officiis
1568 1075 1746 1122 debent
1761 1069 1977 1119 interesse
1997 1086 2107 1126 scum
2124 1069 2316 1119 redime

110 1148 161 1197 &
187 1147 474 1212 cappellanis
493 1181 508 1204 ,
540 1148 591 1197 ὅ(
617 1147 768 1212 ipsum
789 1144 1206 1209 reEtoremjuvare
1228 1145 1278 1192 in
1301 1142 1464 1191 dandis
1500 1177 1515 1190 .
1551 1177 1565 1191 .
1594 1176 1606 1190 .
1645 1177 1659 1190 .
1695 1141 1742 1189 Si
1754 1137 2148 1205 superhocfuerit
2159 1139 2314 1202 requi-

112 1214 219 1263 {itus
230 1215 280 1275 βε
295 1212 540 1263 oblaiones
559 1229 672 1279 quas
698 1220 987 1280 receperunt
997 1213 1155 1261 eidem
1171 1209 1345 1261 retrori
1359 1209 1569 1258 totaliter
1579 1208 1748 1275 pfitare
1759 1241 1774 1265 ,
1804 1221 1894 1254 nec
1915 1206 2065 1271 ipsum
2077 1203 2316 1253 re&orem

41 1312 45 1314 -
110 1283 159 1331 in
173 1279 331 1345 aliquo
344 1281 554 1345 indebite
567 1280 829 1331 molestare.
896 1282 1016 1329 Item
1029 1278 1226 1345 predifi’ti
1238 1277 1401 1327 vicarii
1418 1278 1598 1326 dabunt
1612 1277 1661 1325 in
1677 1275 1989 1324 anniversario
2002 1271 2112 1321 dieti
2122 1273 2323 1324 Domini.

111 1349 293 1397 Hinrici
314 1349 446 1412 Hoep
471 1350 530 1395 ad
549 1351 829 1397 memoriam
852 1347 978 1396 suam
999 1349 1048 1396 in
1060 1348 1212 1396 choro
1235 1346 1562 1408 Hamburgen.
1578 1342 1830 1393 solenniter
1860 1341 2180 1406 peragendam
2201 1340 2325 1386 duas

112 1429 293 1476 marcas
317 1416 573 1471 annuatim·
591 1416 650 1462 de
674 1415 934 1463 redditibus
965 1415 1264 1473 Vicariarum
1288 1410 1603 1476 predi&arum
1626 1443 1642 1466 ‚
1679 1409 1730 1458 ὃς
1755 1409 1889 1456 unius
1920 1421 2078 1455 marce
2105 1407 2315 1455 redditus

114 1481 416 1544 recipiendos
437 1481 495 1527 de
510 1488 715 1543 quatuor
736 1484 932 1527 mare‘ar.
954 1480 1004 1529 <Sc
1025 1479 1137 1528 οᾶο
1160 1477 1417 1526 solidorum
1436 1477 1695 1524 redditibus
1716 1508 1731 1532 ‚
1765 1490 1884 1539 quos
1909 1473 2117 1539 prefatus
2148 1473 2317 1520 Domi-

114 1561 203 1594 nus
221 1546 441 1594 Hinricus
462 1546 594 1610 Hoep
614 1547 759 1594 habet
771 1562 883 1594 cum
903 1545 1186 1594 Consulibus
1198 1544 1526 1607 Hamburgen.
1542 1558 1628 1607 pro
1640 1542 1869 1589 memoria
1880 1539 2322 1604 DominiJohannis

113 1612 247 1676 Hoep
271 1611 403 1657 Fabri
423 1613 576 1659 fratris
600 1612 664 1659 sui
683 1614 733 1659 in
755 1614 930 1660 eodem
944 1611 1233 1661 annivasario
1249 1609 1452 1657 (imiliter
1464 1609 1746 1658 dividendos
1769 1609 1818 1655 in
1831 1607 1983 1653 choro
1999 1604 2241 1671 praedicto,
2255 1607 2319 1653 de

115 1679 283 1744 quibus
303 1677 497 1726 habebit
509 1677 852 1743 Campanarius
870 1677 1062 1726 ecclesie
1083 1675 1452 1740 Hamburgenfis
1477 1682 1681 1739 quatuor
1703 1673 1874 1721 solidos
1897 1672 1946 1721 &
1969 1670 2171 1736 majores
2193 1687 2320 1721 cam-

114 1759 260 1811 panas
278 1744 336 1795 ad
349 1742 530 1809 vigilias
553 1744 602 1795 ὅς
621 1743 798 1793 missam
821 1761 910 1810 pro
935 1742 1167 1792 defunffis
1181 1742 1393 1808 pulsabit.
1462 1742 1581 1789 Item
1597 1739 1806 1807 predici‘oe
1819 1739 2011 1797 Vicarie
2028 1755 2129 1787 non
2142 1740 2321 1788 debent

116 1811 252 1860 alicui
263 1811 490 1869 conferri,
509 1811 588 1859 nifi
602 1812 746 1860 fuerit
758 1813 806 1860 in
820 1813 984 1860 ordine
1003 1811 1257 1859 sacerdocii
1267 1808 1548 1857 constitutus
1559 1808 1637 1858 vel
1649 1809 1707 1855 ad
1721 1823 1827 1855 eam
1839 1805 1996 1856 valeat
2008 1807 2128 1855 infra
2140 1823 2320 1855 annum

117 1878 410 1944 promoveri.
478 1879 537 1926 Et
561 1879 592 1925 fi
614 1879 777 1944 aliquis
802 1878 1343 1940 dicitorumyicariorum
1366 1877 1596 1924 continue
1621 1875 1784 1923 absens
1806 1874 1977 1932 fuerit,
2003 1872 2214 1922 officians
2228 1889 2320 1939 pro

118 1960 179 1993 eo
201 1943 374 1992 totales
399 1946 610 1994 redditus
633 1947 866 2011 percipiet
890 1944 1125 1996 &nicchil
1144 1946 1203 2006 de
1227 1945 1293 1993 eis
1312 1944 1489 1993 absenti
1507 1944 1682 1992 vicario
1696 1940 1955 1989 ministrare
1969 1942 2177 1990 debebit.
2249 1942 2322 1990 In-

117 2012 256 2077 super
282 2010 557 2076 poffeffores
581 2012 810 2062 dictarum
830 2014 1111 2063 vicariatum
1135 2011 1363 2077 colligent
1385 2009 1585 2059 fideliter
1604 2010 1813 2058 redditus
1835 2042 1851 2068 ,
1889 2009 1968 2073 qui
1990 2011 2049 2057 de
2073 2007 2206 2057 dit’tis
2234 2010 2321 2056 do-

118 2080 276 2127 mibus>
292 2078 464 2127 scilicet
475 2079 725 2130 theolonei
737 2080 786 2130 ὅ(
796 2080 883 2129 alia
895 2082 1044 2128 domo
1058 2079 1243 2145 lapidea
1255 2092 1440 2127 annexa
1451 2078 1706 2144 provenire
1715 2083 1978 2143 ·poterunt.=
2029 2076 2087 2124 Et
2097 2076 2321 2140 quicquid

123 2146 258 2211 supra
272 2146 525 2209 duodecim
539 2163 717 2196 marcas
731 2149 1013 2205 excreverit,
1034 2149 1094 2195 de
1115 2147 1228 2195 scitu
1240 2145 1505 2194 nostrorum
1528 2145 1886 2193 Canonicorurn
1905 2150 2091 2207 ponent
2105 2145 2162 2189 ad
2173 2142 2323 2207 depo-

46 2264 56 2266 ?
122 2211 255 2260 fitum
275 2211 323 2260 ὅ(
340 2211 613 2279 seruabunt,
650 2223 704 2263 ut
720 2215 830 2263 inde
852 2216 946 2279 ipse
967 2216 1134 2263 domus
1150 2210 1324 2279 poffint
1338 2213 1629 2269 conservari,
1663 2212 1712 2262 ὅ(
1736 2209 1962 2258 fineceffe
1983 2210 2124 2257 fuerit
2135 2224 2327 2274 repara-.

120 2279 156 2325 ri
169 2296 195 2347 3¹
220 2278 449 2328 Ceterum
467 2282 833 2345 praenominatus
858 2283 1085 2329 Dominus
1105 2282 1325 2330 Hinricus
1345 2281 1478 2345 Hoep
1506 2280 1703 2331 donavit
1722 2311 1737 2335 ,
1774 2278 1824 2326 ὃς
1845 2274 2090 2340 affignavit
2110 2277 2318 2331 redditus

121 2347 324 2396 duorum
345 2348 604 2397 chororum
629 2349 763 2397 brasii
786 2350 983 2406 triticei,
1009 2364 1127 2414 quos
1142 2349 1308 2397 habuit
1326 2350 1375 2397 in
1396 2345 1673 2394 molendino
1690 2344 1885 2409 antiquo
1905 2342 2248 2408 Hamburgenfi
2260 2345 2321 2390 ad

122 2414 235 2459 duas
256 2415 507 2463 memorias
530 2432 619 2480 pro
643 2414 786 2466 salute
809 2417 964 2464 anime
984 2418 1061 2464 sue
1083 2413 1505 2466 &beneiafitorum
1528 2413 1716 2460 suorum
1735 2410 2076 2460 distribuendos
2094 2411 2193 2458 hoc
2216 2426 2320 2458 mo-

122 2479 212 2525 do:
248 2479 399 2528 Valor
421 2481 627 2544 praediffl
647 2483 792 2530 brasei
814 2484 987 2531 triticei
1009 2498 1096 2548 per
1115 2481 1267 2530 didos
1285 2482 1488 2530 vicarios
1511 2477 2129 2543 postulabitur&capietur;
2162 2478 2220 2524 Et
2229 2479 2321 2542 pri-

121 2560 200 2592 ma
224 2545 299 2591 die
319 2546 482 2594 feriata
504 2546 609 2611 post
629 2547 797 2596 festum
819 2550 957 2612 pasce
980 2551 1161 2596 dabunt
1181 2547 1372 2595 cuilibet
1393 2546 1622 2594 sacerdoti
1644 2543 1943 2593 ecclesiarum
1962 2545 2011 2592 in
2034 2544 2320 2608 Hamborgh

123 2618 221 2666 tam
241 2611 433 2660 seculari
459 2629 601 2678 quam
628 2613 845 2678 religioso
867 2615 944 2662 sex
966 2615 1186 2662 denarios
1206 2615 1265 2661 ad
1289 2611 1545 2677 legendum
1567 2611 1744 2677 vigilias
1768 2611 1818 2661 <Sc
1838 2611 2016 2659 miffam
2041 2627 2128 2676 pro
2151 2612 2328 2658 defun*

116 2675 205 2736 &is
218 2711 232 2735 ‚
268 2677 412 2728 Simili
439 2681 586 2728 modo
607 2680 809 2728 facietur
830 2681 983 2744 prima
995 2681 1070 2728 die
1090 2680 1258 2728 feriata
1279 2679 1384 2745 post
1399 2679 1567 2728 festum
1587 2679 1714 2727 beati
1734 2677 2006 2727 Micchahel
2028 2711 2043 2736 ‚
2079 2679 2136 2726 Et
2155 2677 2185 2724 fi
2207 2678 2325 2742 quid?

38 2788 42 2792 .
124 2743 352 2793 refiduum
373 2746 516 2795 fuerit
536 2747 682 2794 iidem
710 2747 891 2796 Vicarii
920 2748 971 2794 in
992 2746 1459 2812 depofitotenebunt
1488 2749 1547 2796 ad
1576 2746 1709 2795 usum
1731 2743 2020 2811 praedietum.
2087 2744 2321 2793 Praeterea

122 2810 450 2862 Devotionem
471 2813 522 2864 ὃς
540 2814 738 2879 gratiam
763 2814 852 2861 Dei
873 2816 1217 2879 praenominato
1241 2815 1453 2863 Domino
1476 2815 1674 2864 Hinrico
1697 2814 1855 2861 datam
1879 2813 2051 2861 merito
2074 2827 2320 2861 commen-

127 2876 293 2925 dantes
313 2880 468 2929 eidem
487 2883 792 2930 concedimus
815 2880 865 2930 <Sc
887 2882 1049 2929 damus
1066 2877 1421 2946 jusfpatronatus
1444 2882 1495 2932 &
1523 2880 1831 2948 praesentandi
1854 2880 1912 2927 ad
1942 2878 2086 2928 dictas
2105 2879 2320 2928 Vicarias

129 2944 350 3007 quamdiu
371 2947 541 2998 vixerit
559 2981 575 3007 ‚
608 2949 658 2999 ὅτ
689 2948 857 2998 seniori
887 2948 1054 2996 heredi
1083 2948 1164 2996 suo
1200 2948 1294 2999 five
1326 2948 1553 3003 masculus
1575 2948 1668 2998 sive
1691 2948 1867 2996 femina
1889 2946 2057 3004 fuerit,
2092 2960 2240 3012 usque
2262 2945 2322 2994 ad

129 3011 324 3073 spatium
353 3022 546 3064 centum
573 3015 623 3067 ὃς
652 3016 991 3083 quinquaginta
1021 3031 1254 3065 annorum
1281 3017 1310 3064 a
1337 3013 1449 3066 data
1480 3016 1780 3082 praesentium
1810 3021 2183 3063 numeratorum.
2251 3013 2322 3060 Ita

131 3077 663 3172 qu'OdssluasldOCUQque
695 3083 773 3136 vel
804 3085 1181 3150 quotiescunque
1211 3083 1335 3134 dieite
1367 3084 1563 3137 Vicarie
1581 3081 1662 3135 vel
1682 3082 1834 3150 aliqua
1851 3081 2059 3149 *ipsarum
2078 3078 2323 3133 vacaverit

299 3159 370 3192 ie.
395 3146 594 3203 nni-Dabit.
1229 3149 1292 3209 εδ
1324 3168 1355 3204 2
2177 3141 2323 3213 Ῥοπὴ
