2471 3463
153 198 161 219 ‚
196 131 296 213 '230
933 147 1207 221 urfunb'en
1218 150 1323 206 unb
1337 149 1692 211 εἵαάπίεῑοιω
1724 166 1727 167 ’
1810 166 1813 168 ·
2117 171 2158 218 3.
2176 151 2365 215 Pe‘ried.

255 289 278 293 ’χ
506 275 525 303 ῖ-
576 263 581 266 '
630 264 638 266 “
684 263 762 313 Sic
783 272 835 313 ut
855 282 955 314 non
974 270 1176 333 perdat,
1207 277 1308 318 no'n
1330 268 1473 323 cessat
1502 246 1702 334 perdere
1722 271 1844 323 lusor
1897 301 1905 310 ·
1994 257 2001 265 ⁰
2267 237 2398 309 ⁷⁵-ss

751 333 809 381 Et
828 343 1026 384 revocat
1046 337 1238 401 cupidas
1260 336 1360 384 alea
1381 335 1553 385 blanda
1576 353 1759 388 manus,

160 447 163 450 -
186 374 393 461 Videtur
413 412 463 461 in
482 413 637 491 verbis
661 412 711 464 δε
732 413 964 464 desideriis
987 414 1117 465 illum
1136 417 1320 469 PERSII
1347 418 1528 468 versare
1549 417 1853 470 verriculum:

678 488 795 562 ‘Jam
819 497 1027 557 dabitur,
1053 497 1155 563 §am
1171 532 1185 557 ,
1220 497 1344 565 jam,
1379 501 1537 549 donec
1559 502 1788 567 deceptus
1809 502 1860 554 ἀ
1885 517 2079 570 expers,

685 562 792 614 Nec
821 565 1072 632 quicquam
1093 566 1245 617 fundo
1271 567 1464 632 suspirat
1483 569 1622 617 nimis
1641 569 1690 619 in
1712 585 1827 620 uno.

322 654 405 717 (al.
417 655 545 716 imo)
577 655 725 705 Porro
739 654 877 721 juxta
897 659 1208 726 Sapientem,
1258 659 1356 708 sera
1387 660 1453 709 est
1471 664 1518 708 in
1530 663 1672 724 fundo
1696 678 1785 728 pro
1810 662 2020 713 simon-ia.
2049 660 2168 715 Illud
2196 663 2249 719 ,in
2267 627 2423 728 curii?

185 722 457 772 detestabile
481 722 572 777 est,
610 725 720 789 quia
744 727 825 790 qui
844 727 992 791 magis
1015 726 1211 793 diligunt
1229 730 1384 776 minus
1406 729 1689 795 diliguntur,
1722 731 1929 796 imperiti
1953 731 2100 785 etiarn
2121 730 2171 780 ὃς
2192 731 2426 791 omnir-143³}

172 788 373 838 'inutiles
398 790 761 855 elegantioribus
787 793 1026 842 beneficiis
1054 794 1338 861 ampliantur
1362 827 1377 853 ‚
1426 798 1601 846 divitiae
1633 797 1991 846 accumulantur
2020 790 2411 854 divitiisditiorie„

186 856 298 914 bus,
332 872 422 905 nec
447 857 512 905 est
535 859 611 923 qui
630 859 844 924 respiciat
864 862 923 908 ad
936 863 1132 926 inopem
1154 862 1203 911 ὃ(
1227 864 1513 912 mendicum.
1613 864 1932 914 HELISAEUS
1961 864 2069 914 vasa
2099 863 2400 928 adimplebat:
2418 888 2432 920 ς

187 937 339 972 vacua
360 957 380 983 ‚⁷
407 924 456 973 ὅς
481 925 807 974 deficientibus
825 928 939 976 vasis
962 930 1120 978 vacuis
1142 927 1303 978 oleum
1322 927 1449 978 stetit
1472 948 1488 991 3
1531 932 1579 978 in
1601 934 1730 980 curia
1749 947 1866 980 vero
1892 938 2268 981 contemnuntur
2289 929 2398 978 vasa

186 1001 364 1047 vacua,
397 991 448 1039 ὃς
468 991 1013 1058 plenaimplenturligna
1034 997 1083 1042 in
1107 994 1262 1051 filvas,
1295 995 1489 1060 &aquae
1513 1000 1563 1045 in
1584 999 1730 1044 maria
1750 998 2040 1046 deferuntur.
2141 998 2263 1046 Sane
2284 997 2410 1062 licet·
2432 1051 2434 1053 v

187 1057 409 1121 obsequia
433 1059 481 1106 <Sc
512 1060 828 1106 reverentiam
862 1061 1117 1109 debeamus
1140 1062 1427 1126 principibus
1459 1096 1475 1121 ‚
1528 1063 1578 1124 ὅ(
1597 1064 1801 1111 maxime
1820 1066 1938 1128 Regi
1960 1072 2185 1130 tanquam
2209 1063 2397 1129 praecel-¹

184 1122 301 1172 lenti
325 1157 339 1180 ,
377 1132 537 1171 tamen
561 1123 727 1172 nostrae
751 1124 1046 1190 profeffionis
1068 1127 1290 1176 homines
1312 1127 1547 1179 efficacius
1560 1130 1748 1196 poffent
1760 1131 1928 1180 servire
1941 1129 2235 1196 Principibus
2250 1133 2296 1181 in
2309 1129 2442 1196 Ena&-

132 1187 134 1190 ’
187 1190 330 1238 clesiis
344 1225 359 1247 .,
394 1207 533 1254 quam
556 1192 602 1238 in
617 1190 772 1240 castris
786 1226 800 1250 ,
833 1192 1133 1258 simpliciores
1158 1197 1377 1260 equidem
1396 1198 1445 1247 ὃ(
1459 1198 1613 1246 minus
1633 1200 1713 1263 qui
1734 1198 1903 1246 suntin
1926 1198 2086 1246 divina
2107 1198 2279 1263 pagina
2292 1195 2427 1265 eru-g.-

170 1259 299 1314 diti,
331 1258 359 1304 fi
382 1259 426 1303 in
440 1259 666 1322 obsequio
689 1261 827 1324 regiae
847 1259 1100 1325 majestatis
1112 1261 1311 1311 militare
1334 1273 1672 1329 proponuntur
1697 1298 1713 1322 ‚
1766 1281 1865 1314 nor-1
1889 1264 2090 1313 arbitror
2121 1266 2220 1312 hoc
2239 1264 2411 1325 absara
2434 1322 2446 1327 ἶ

185 1325 313 1371 dum.
380 1324 527 1372 Porro
552 1325 601 1372 in
624 1327 757 1375 sacris
779 1328 1061 1377 constitutus
1088 1331 1355 1387 ordinibus,
1389 1331 1439 1380 ὅ(
1461 1333 1621 1380 divino
1643 1331 1835 1396 eloquio
1857 1330 2067 1398 pollens,
2099 1332 2179 1395 qui
2194 1328 2392 1403 jam-te·
2427 1381 2430 1384 ,

184 1400 326 1438 netur
346 1391 508 1440 fontes
532 1393 741 1443 derivare
754 1395 880 1443 foras
904 1430 919 1454 ,
967 1395 1296 1461 talentumque
1319 1397 1397 1447 (ibi
1418 1399 1648 1447 creditum
1673 1414 1781 1447 cum
1801 1397 1935 1447 lucro
1961 1398 2020 1446 ad
2044 1398 2302 1446 Dominum
2322 1411 2409 1450 lte-1

183 1458 418 1523 portare„vv
439 1461 638 1508 omnino
660 1463 978 1512 inexcusabilis
997 1463 1088 1520 est,
1123 1464 1154 1511 fi
1176 1464 1423 1513 curialibus
1447 1466 1643 1515 vinculis
1663 1465 1708 1514 se
1730 1464 1944 1515 innefflt.
2012 1465 2167 1522 Audi,
2199 1465 2311 1530 quid
2331 1466 2400 1517 de.
2445 1483 2455 1487 ·

183 1524 352 1574 talibus
373 1527 487 1574 dicit
507 1528 739 1578 Dominus
766 1545 852 1595 per
873 1531 1168 1596 Prophetum
1194 1548 1205 1577 ε
1237 1535 1351 1582 Dedi
1371 1566 1386 1590 ‚
1423 1534 1576 1598 inquit
1599 1565 1613 1590 ,
1642 1539 1700 1580 eis
1720 1549 1876 1595 aarum
1897 1533 1949 1580 :5
1971 1545 2203 1595 argentum
2223 1546 2392 1589 meum,

184 1593 260 1655 ipfi
277 1609 378 1638 vero
400 1595 452 1640 de
474 1610 581 1641 auro
601 1596 651 1641 (5
670 1613 851 1659 argento
873 1615 963 1646 meo
987 1605 1150 1661 operati
1163 1602 1267 1660 sunt
1301 1602 1424 1646 Baal.
1511 1602 1692 1650 Nonne
1742 1601 1976 1650 fabricant
2023 1602 2084 1649 de
2107 1615 2223 1655 auro
2246 1598 2296 1648 ὅ(
2317 1613 2388 1649 εῖτ-ι,

185 1668 335 1724 gento
357 1661 550 1710 Domini
568 1665 682 1709 Baal
697 1697 712 1719 ,
751 1667 916 1730 quibus
943 1668 1211 1730 sapientiam
1236 1668 1285 1717 ὃ(
1308 1667 1631 1731 eloquentiam
1650 1669 1884 1716 Dominus
1906 1669 2037 1725 dedit
2056 1700 2073 1726 ‚
2106 1668 2166 1716 ad
2183 1665 2390 1721 dandam

185 1727 428 1776 scientiam
453 1728 606 1777 salutis
628 1730 755 1794 plebi
779 1730 903 1794 ejus:
939 1733 1021 1796 ipsi
1041 1748 1158 1780 vero
1182 1734 1412 1781 talentum
1437 1735 1630 1781 Domini
1662 1742 1796 1781 terrae
1820 1735 2060 1783 infodiunt
2078 1763 2093 1788 ,
2127 1741 2270 1798 atque
2285 1732 2397 1779 Baeal

185 1792 462 1842 construunt
483 1829 498 1853 ‚
535 1796 650 1844 dum
670 1812 754 1860 per
775 1799 1109 1863 temporalium
1132 1814 1288 1847 rerum
1310 1800 1532 1864 quaestur'n
1555 1833 1571 1857 ,
1615 1798 1741 1864 quati
1774 1800 1853 1847 sub
1869 1798 2004 1864 ja&u
2037 1800 2149 1849 aleae
2167 1802 2318 1848 vitam
2340 1798 2393 1850 δε

184 1862 390 1908 animam
415 1862 541 1909 suam
563 1871 766 1927 ponunt.
836 1865 908 1913 Isti
934 1864 1233 1923 constituunt,
1256 1882 1413 1915 arcam
1452 1868 1649 1916 Domini
1670 1868 1718 1915 in
1738 1869 1917 1920 Azoeo',
1962 1869 2094 1932 quod
2115 1867 2395 1930 interpretas

185 1935 262 1974 tur
282 1929 399 1992 ignis
417 1926 807 1994 concupiscentiae
829 1965 842 1989 ‚
883 1934 988 1997 quia
1012 1948 1100 1997 per
1121 1935 1410 1982 ambitiosam
1435 1932 1869 1997 concupiscentiam
1883 1933 2082 1999 gloriam
2105 1931 2272 2003 nostrae
2285 1947 2394 1999 pro?

186 1991 391 2042 feffionis
416 2006 665 2045 evacuant.
751 1999 1011 2048 Convertit
1027 2001 1259 2048 Dominus
1282 2000 1474 2048 flumina
1499 1999 1666 2047 eorum
1696 2015 1757 2048 ne
1778 2002 1941 2049 bibant
1963 2034 1979 2059 ‚
2011 2009 2281 2064 terramque
2301 1999 2392 2047 fer-

183 2077 313 2109 ream
339 2063 386 2111 &
407 2063 583 2110 coelum
606 2065 688 2111 dat
711 2068 776 2113 eis
798 2081 979 2114 aeneum
999 2100 1013 2123 ,
1058 2076 1110 2114 ut
1149 2067 1318 2132 pluviae
1363 2066 1563 2116 coelestis
1604 2076 1830 2132 expertes
1848 2067 2059 2118 fruCfflm-
2076 2083 2176 2121 non
2195 2067 2390 2124 iac-iane.

185 2130 399 2176 Scienter
419 2131 642 2194 equidem
661 2131 711 2180 ὅ(
732 2135 989 2196 prudenter
1011 2134 1232 2197 pervenit
1252 2166 1266 2190 ‚
1302 2136 1410 2200 quia
1432 2134 1683 2184 immiscui-t
1706 2136 1772 2185 eis
1794 2136 2029 2185 Dominus
2051 2135 2274 2202 Spiritum
2288 2147 2390 2187 ,ver-

183 2196 338 2261 tiginis
359 2229 374 2254 2
691 2200 853 2264 eisque
873 2208 1029 2248 rotam
1061 2200 1295 2250 malorum
2126 2231 2129 2234 ·
2270 2215 2289 2235 ⁸

180 2286 182 2288 v
683 2267 791 2313 Rex
809 2267 1003 2332 Sapiens
1026 2300 1041 2324 ‚
1075 2269 1344 2332 impiorum*

684 2333 959 2382 Ventilator
988 2335 1196 2383 immitit.

319 2410 513 2458 Perditae
537 2413 644 2460 vitae
673 2414 894 2462 homines
922 2415 967 2462 se
1001 2414 1236 2465 laboribus
1260 2423 1488 2481 torquent
1515 2451 1527 2475 ,
1560 2417 1771 2466 cruciant
1791 2420 1912 2467 curis
1934 2451 1949 2475 ‚
1986 2416 2199 2483 expensis
2221 2416 2387 2466 evisce-
2434 2412 2441 2417 ’

185 2484 317 2539 rant.¹
371 2478 546 2524 Nonne
569 2479 764 2541 figuram
789 2497 967 2530 araneae
989 2492 1186 2546 gerunt,
1223 2485 1302 2548 qui
1326 2487 1384 2532 de
1406 2485 1491 2533 suis
1513 2485 1763 2534 visceribus
1782 2485 1924 2533 telam
1950 2492 2158 2544 texunt&
2187 2493 2243 2532 ut
2263 2485 2388 2548 capi*

178 2552 276 2593 ‘ant
299 2544 505 2591 museam
528 2545 816 2609 viliffima1n3
854 2550 964 2613 quid
990 2550 1054 2598 est
1078 2552 1226 2599 inanis
1249 2550 1398 2615 gloria
1422 2566 1561 2616 quam
1584 2555 1850 2601 venantur?
1885 2552 1967 2600 nisi
1987 2552 2144 2600 musca
2155 2549 2387 2609 vilissima,
2441 2557 2444 2560 '

188 2610 463 2667 numerosa,
497 2610 701 2670 sordida,
732 2618 1004 2681 pungitiva..
1065 2619 1272 2685 Qidam
1305 2618 1561 2683 allegantes
1594 2620 1948 2668 excusationem
1981 2619 2028 2666 in
2050 2617 2293 2683 peccatis,
2329 2631 2393 2665 ae·
2447 2670 2449 2673 ,

188 2679 364 2727 veteris
401 2677 506 2724 Adae
534 2680 823 2741 perizomata
857 2685 1160 2747 praeferentes
1194 2686 1644 2750 interrogationibus
1665 2720 1680 2744 ‚
1722 2700 1865 2751 quare
1897 2685 2147 2748 sequantur
2181 2687 2385 2741 cur-iam,

190 2742 330 2810 quam
351 2744 456 2792 Deo
482 2743 530 2793 ὅς
553 2743 684 2792 saluti
706 2746 791 2793 suae
812 2764 910 2796 non
931 2753 1172 2817 ambigant
1193 2751 1283 2799 esse
1304 2754 1591 2801 contrariam
1612 2787 1628 2810 ,
1663 2754 1722 2800 ad
1743 2752 1953 2800 colorem
1968 2751 2017 2801 ὅ(
2037 2752 2288 2819 tuitionem
2301 2751 2386 2799 suae

191 2812 456 2860 ambitionis
479 2844 495 2868 ,
543 2811 761 2876 exempla
790 2816 968 2879 antiqui
990 2820 1219 2879 temporis
1243 2821 1551 2868 introducunt
1573 2853 1588 2876 ‚
1635 2821 1695 2867 ad
1724 2817 2076 2866 correffionem
2095 2820 2145 2868 <Sc
2162 2819 2385 2867 eruditio-

189 2893 301 2926 nem
325 2885 525 2941 regunt,
559 2879 803 2943 inquiunt,
830 2879 961 2928 miffi
986 2879 1359 2934 suntMOYSES
1389 2888 1448 2935 ad
1469 2887 1761 2942 Pharaonem,
1794 2885 2095 2947 JEREMIAS
2129 2886 2188 2934 ad
2208 2886 2386 2933 Zedeki'·

190 2961 263 2998 am
285 2978 299 2999 ,
364 2945 539 2992 ELIAS
577 2947 813 2994 adAchab
836 2976 851 3001 ,
885 2949 1156 3012 JOJADAS
1193 2955 1251 3002 ad
1282 2954 1450 3014 josiam.
1519 2952 1550 3002 ὃ
1588 2952 1774 3002 Clerice
1803 2951 1984 3000 curialis
2007 2986 2022 3010 ‚
2058 2968 2301 3018 nunquam
2333 2951 2385 3000 te

189 3011 344 3059 DEUS
378 3011 498 3062 misit
517 3012 577 3061 ad
595 3014 781 3080 Regem
805 3047 820 3077 ,
852 3016 900 3069 in
921 3016 1192 3082 obsequium
1218 3018 1328 3086 ejus*
1346 3030 1396 3076 te
1416 3020 1536 3074 misit
1556 3053 1572 3084 ‚
1613 3019 1692 3072 vel
1714 3018 1873 3090 potius
1902 3027 1950 3072 te
1971 3019 2152 3076 intrusit,
2173 3017 2389 3137 arngit'iog

1901 3090 1904 3091 ’
2288 3093 2374 3136 ert·

2467 158 2471 207 l

2469 300 2471 364 l
