2471 3463
183 156 282 206 290
869 141 1146 232 urrunsa·
1175 146 1283 202 unt>
1308 148 1664 238 martanam·
2006 112 2009 116 ¹
2094 159 2331 221 3.Period.

212 225 2396 265 mmm-q

350 262 382 310 i.
397 274 440 308 e.
461 261 520 308 de
543 275 677 326 paena
706 262 765 310 ad
787 274 971 326 paenam
993 260 1165 320 duceS,
1187 271 1242 312 ut
1265 264 1378 311 dicit
1399 264 1541 322 Jobin
1564 277 1667 332 cap.
1684 264 1871 318 XXIV.
1932 270 2007 318 Ad
2030 269 2238 320 calorem
2259 265 2394 327 nimi·

354 344 437 377 um
462 328 718 377 transibunt
739 328 800 380 de
824 328 952 394 aquis
976 328 1203 393 nimium3
1237 332 1509 395 perennitas
1531 341 1726 383 notatur
1751 351 1861 385 cum
1884 337 2059 386 dicitur
2069 340 2117 386 in
2127 344 2392 401 putamin-

353 397 416 444 de
439 411 537 443 non
560 395 717 460 potest
731 396 885 452 exire,
901 396 981 460 qui
1006 397 1147 445 semel
1168 400 1394 447 ceciderit
1415 397 1522 447 illic.
1610 402 1757 460 Item,
1786 403 1902 450 mors
1923 407 2073 453 anime
2095 406 2221 455 laedit
2244 410 2393 473 gravi-

355 471 454 519 ter,
477 464 901 512 immisericorditer
914 463 1275 525 ,insanabiliter-,
1289 467 1416 515 unde
1436 470 1590 527 Jerem.
1603 470 1767 519 XXX.
1787 471 1925 536 plaga
1943 473 2119 522 inimici
2133 471 2333 539 percuffi
2343 484 2392 525 te

356 530 662 596 castigatione
681 530 885 588 crudeli,
924 531 1034 595 quid
1056 531 1229 584 clamas
1250 536 1309 584 ad
1329 550 1406 584 me
1429 537 1567 602 super
1587 538 1878 586 contritione
1900 546 2008 597 tua,
2043 540 2305 589 insanabilis
2326 539 2394 593 est

357 598 501 647 dolor
518 607 624 649 tuus
646 607 842 668 propter
855 599 1204 652 multitudinem
1224 604 1482 669 iniquitatis
1505 612 1594 653 tuae
1609 637 1625 662 ‚
1654 605 1705 655 ὅ(
1726 613 1927 671 propter
1946 613 2145 671 peccata
2163 614 2245 656 tua
2279 609 2396 657 dura
2413 656 2426 660 ,

355 667 461 717 haec
482 667 574 717 feci
595 671 693 718 tibi.
765 670 838 718 De
860 670 951 719 hac
974 669 1158 720 laefione
1179 671 1351 720 dicitur
1369 687 1455 736 per
1472 671 1794 721 Salomonem.
1809 673 2150 723 Proverb.VllI.
2174 675 2255 741 qui
2282 690 2395 740 pec·
2424 733 2428 736 .

357 743 438 783 cat
458 736 506 783 in
528 752 603 784 me
625 737 748 786 laedit
767 739 969 786 animam
992 738 1133 786 suam.
1218 739 1406 787 Tamen
1428 738 1509 788 ista
1529 739 1646 788 laefio
1660 773 1675 798 ,
1708 741 1931 806 quamdiu
1953 741 2108 790 anima
2128 740 2195 789 est
2215 742 2264 789 in
2289 757 2393 791 cor·

354 818 477 869 pore
501 803 709 853 sanabilis
733 804 824 863 est,
839 808 963 853 unde
983 806 1203 869 sapientie
1225 806 1256 853 Ι.
1283 806 1516 854 Sanabiles
1541 807 1658 855 fecit
1678 810 1897 856 nationes
1919 809 2044 857 orbis
2066 809 2395 866 terrarum,sed
2442 843 2449 866 η,

358 869 606 936 qostquam
630 873 785 920 anima
804 872 917 920 exiit
939 874 997 920 de
1022 888 1229 937 corpore
1253 871 1307 920 fit
1329 873 1616 931 insanabiliS,
1652 876 1712 922 de
1737 889 1831 940 quo
1856 879 1976 937 Ysaye
1989 875 2158 923 XLIlI.
2223 875 2396 924 Ablata

356 937 424 986 est
446 936 605 987 meilis
619 941 667 987 in
689 941 764 987 dle
785 939 1069 987 haereditatis
1093 941 1142 988 &
1161 938 1342 987 dolebit
1360 948 1591 1004 graviter:
1629 942 1916 1007 Qicunque
1938 957 2054 1007 ergo
2076 958 2179 991 non
2196 940 2302 991 vult
2323 941 2395 990 lae-
2441 957 2458 998 η·

355 1006 404 1053 di
426 1005 452 1052 a
474 1014 631 1054 morte
657 1007 888 1060 secunda,
920 1014 1096 1070 quaerat
1114 1007 1194 1053 hic
1217 1007 1362 1053 sanari
1383 1005 1410 1053 a
1430 1005 1612 1054 laesione
1637 1010 1799 1071 primae
1817 1010 1985 1057 mortis
2008 1009 2059 1059 ὅ(
2080 1007 2298 1058 ostendat
2317 1009 2396 1057 Sa·
2444 1002 2447 1012 '

349 1075 587 1121 maritano
610 1074 767 1139 plagas
789 1072 887 1120 suas
901 1105 916 1128 ,
953 1071 1129 1121 scilicet
1149 1073 1350 1121 discreto
1365 1072 1611 1121 confessori
1625 1105 1640 1129 ‚
1655 1074 1715 1121 de
1738 1089 1836 1138 quo
1856 1082 2084 1124 notanter
2102 1076 2218 1124 dicit
2236 1077 2281 1125 b.
2294 1081 2395 1124 Ber·
2447 1078 2458 1109 ’ἲ

351 1143 517 1188 nardus
537 1144 583 1186 in
603 1144 795 1204 quadam
817 1141 998 1202 Epistola
1017 1141 1081 1186 ad
1095 1140 1314 1202 quendam
1348 1140 1528 1187 nobilem
1548 1143 1695 1186 virum
1733 1142 1976 1202 consultivae
2007 1161 2020 1190 ε
2053 1141 2123 1190 llli
2143 1145 2396 1192 committe

351 1210 558 1256 animam
582 1218 710 1256 tuam
726 1240 739 1264 ‚
762 1207 841 1271 qui
866 1205 1015 1269 diligit
1032 1209 1236 1255 animam
1266 1207 1392 1255 suam
1421 1241 1436 1265 ,
1475 1209 1554 1271 qui
1576 1209 1891 1256 Samaritanus
1916 1209 2099 1256 curabit
2110 1224 2217 1257 eam
2239 1209 2393 1258 iufun-
2447 1263 2450 1265 ,

353 1278 471 1322 dens
499 1275 664 1322 vinum
685 1271 1070 1338 compunfflonis
1094 1273 1143 1323 ὅ(
1165 1273 1324 1321 oleum
1345 1274 1680 1322 consolationis
1707 1305 1723 1330 ,
1758 1283 1813 1322 ut
1853 1275 2024 1322 dicitur
2044 1275 2161 1322 Luc.
2181 1277 2248 1324 X.
2277 1277 2336 1324 Et
2351 1279 2396 1337 3·
2440 1316 2447 1325 ..

351 1342 477 1406 Reg.
490 1342 617 1390 V111.
643 1341 865 1405 scriptum
888 1338 954 1388 est
990 1358 1003 1387 ε
1075 1339 1386 1387 Salomonem
1407 1338 1566 1387 dixiffe
1590 1341 1782 1403 quando
1805 1342 1960 1389 oravit
1987 1341 2037 1389 in
2057 1341 2242 1407 templo
2264 1350 2395 1392 utro-
2436 1382 2451 1401 ,A

351 1425 447 1474 que
471 1424 599 1474 genu
618 1408 746 1456 flexo
774 1407 804 1456 fi
825 1411 926 1473 quis
949 1407 1236 1472 cognoverit
1260 1406 1447 1472 plagam
1468 1406 1626 1454 cordis
1639 1407 1704 1453 lui
1722 1406 1770 1456 δε
1795 1407 2076 1472 expanderit
2105 1412 2272 1457 manus
2294 1409 2394 1459 luas
2440 1442 2453 1463 ιγ

348 1477 400 1525 in
423 1478 571 1526 domo
595 1478 687 1525 hac
702 1506 715 1528 ,
753 1483 806 1523 tu
829 1475 1052 1523 exaudies
1072 1476 1119 1523 in
1142 1473 1269 1522 coelo
1293 1475 1528 1530 Domine,
1561 1472 1609 1520 in
1648 1471 1762 1520 loco
1781 1473 2068 1522 haereditatis
2106 1481 2199 1523 tuae
2234 1478 2394 1541 propi-

350 1546 556 1594 tiaberis,
629 1545 895 1607 Augustinus
920 1544 1028 1588 dicit
1049 1544 1094 1590 in
1119 1542 1328 1606 quodam
1350 1542 1596 1589 sermone:
1629 1540 1747 1588 Sunt
1768 1556 1831 1589 ne
1852 1540 2032 1590 viscera
2053 1540 2392 1608 compaffionis

345 1614 397 1661 in
419 1621 467 1660 te
482 1646 494 1669 ,
532 1614 610 1677 qui
631 1613 812 1677 plangis
836 1626 1009 1675 corpus
1025 1609 1051 1656 a
1072 1608 1167 1675 quo
1181 1605 1366 1657 receffit
1385 1610 1565 1666 anima,
1587 1607 1636 1658 ὅ(
1656 1608 1861 1656 animam
1882 1607 1909 1655 a
1931 1607 2024 1674 quii
2034 1607 2221 1659 receffit
2241 1610 2391 1668 Deus,

348 1697 451 1729 non
474 1680 669 1748 plangis.
741 1680 869 1726 Deus
895 1686 1053 1726 autem
1078 1685 1240 1743 pater,
1279 1677 1407 1742 pacis
1429 1677 1592 1732 dator,
1630 1673 1887 1723 santiificet
1910 1691 2026 1734 vos,
2061 1675 2111 1726 ὅ(
2132 1679 2394 1743 omnesqui
2435 1728 2463 1746 ἢ

347 1750 399 1798 in
419 1749 568 1796 domo
579 1746 730 1796 vestra
758 1746 886 1803 sunt,
935 1744 1264 1794 confirmando
1286 1746 1335 1792 in
1360 1746 1492 1793 bono
1513 1758 1598 1809 per
1621 1745 1783 1791 omnia
1804 1775 1820 1800 ‚
1856 1743 1936 1807 qui
1958 1758 2047 1792 vos
2069 1745 2267 1793 vocavit
2289 1779 2304 1802 ‚
2340 1751 2395 1794 ut
2421 1747 2466 1804 »ξ

348 1816 500 1880 gratia
536 1816 733 1880 Spiritus
757 1813 912 1861 santii
931 1815 978 1861 in
999 1813 1232 1879 baptismo
1255 1812 1394 1862 vobis
1431 1814 1541 1860 data
1577 1811 1790 1860 servetur
1809 1811 1993 1874 integra
2017 1810 2067 1860 ὅ(
2095 1810 2396 1876 incorrupta,

347 1898 412 1930 ne
435 1885 552 1931 vitio
575 1881 731 1930 vestro
754 1881 1100 1930 &inmunditia
1123 1881 1172 1930 c&
1194 1887 1399 1946 peccato
1417 1886 1776 1945 corrumpatur,
1812 1878 2103 1925 diminuetur
2113 1877 2193 1926 vel
2211 1876 2399 1943 effuge-V

350 1959 472 2003 turs
494 1949 541 1999 ἃ(
565 1950 718 1996 anima
741 1949 790 1997 &
815 1963 987 2013 corpus
1010 1948 1251 1997 serventur
1273 1946 1366 1994 fine
1393 1946 1609 2012 querela,
1626 1947 1724 1993 hoc
1745 1943 1810 1991 est
1835 1944 1928 1991 fine
1952 1943 2090 2008 culpa
2111 1943 2161 1994 ὅ(
2182 1943 2390 2008 proximi

354 2015 642 2074 offenfione,
679 2023 839 2080 usque
851 2017 909 2062 ad
931 2015 1191 2064 adventum
1211 2015 1406 2063 Domini
1427 2012 1571 2062 nostri
1601 2012 1707 2075 Jesu
1725 2010 1897 2059 Christi
1919 2011 1978 2059 ad
2001 2025 2392 2076 unumquemque
2433 2023 2435 2026 ⁴

354 2085 580 2134 Vestrum
605 2085 653 2131 in
666 2090 841 2136 morte,
857 2084 915 2130 de
930 2098 1024 2147 quo
1049 2083 1214 2129 Matth.
1232 2082 1398 2129 XXV.
1435 2082 1557 2128 Ecce
1581 2079 1770 2144 sponsus
1789 2079 1924 2126 venit
1950 2107 1966 2132 ‚
2002 2086 2057 2126 ut
2077 2075 2256 2143 poffitis
2280 2091 2393 2126 eum
2424 2121 2429 2125 ,

348 2153 566 2203 laetanter
604 2151 818 2215 recipere
850 2179 864 2203 ‚
899 2148 1012 2197 ficut
1036 2148 1111 2197 ille
1132 2150 1303 2214 Spiritu
1324 2148 1369 2199 S,
1390 2147 1555 2213 plenus
1579 2147 1662 2212 qui
1685 2146 1875 2196 dicebat
1897 2178 1913 2203 ,
1948 2144 2063 2193 ficut
2082 2146 2304 2210 scripturn
2324 2143 2392 2192 est
2409 2183 2441 2219 ..ξ

349 2221 535 2270 Psalmo
550 2218 734 2267 XCIX.
748 2217 936 2265 Psallam
962 2216 1011 2266 ὅ(
1033 2217 1291 2280 intelligam
1311 2216 1358 2263 in
1378 2216 1454 2265 via
1475 2213 1804 2271 immaculata,
1836 2215 2026 2277 quando
2036 2213 2201 2261 venies
2223 2212 2391 2269 adme,
2416 2211 2437 2273 ⁷„ss

351 2305 498 2337 verax
522 2288 649 2334 Deus
690 2288 738 2334 in
760 2285 1089 2351 promittendo
1111 2283 1340 2339 existens,
1379 2284 1457 2347 qui
1483 2284 1659 2330 vocavi
1687 2315 1701 2339 ,
1754 2296 1843 2329 vos
1865 2279 2230 2328 misericorditer
2256 2312 2273 2336 ‚
2310 2278 2392 2343 qui
2434 2275 2444 2310 ⁷-

352 2359 496 2403 etiam
522 2352 735 2418 perficiet
758 2368 878 2417 opus
902 2353 1061 2417 gratiae
1085 2354 1130 2400 in
1153 2352 1289 2399 vobis
1312 2349 1645 2414 adimplaturus
1671 2345 1904 2413 promissa.
1939 2350 2198 2412 Aptosvos
2220 2358 2389 2393 omnes
2423 2394 2433 2408 ⁴-

352 2424 498 2472 faciet
520 2421 706 2484 insuper
729 2417 814 2485 per
838 2435 982 2467 omne
1016 2428 1205 2484 tempus
1230 2419 1336 2466 vitae
1359 2417 1527 2476 vestra}
1553 2449 1569 2475 ,
1602 2423 1656 2464 ut
1677 2429 1819 2462 omne
1841 2415 2024 2461 bonum
2046 2412 2229 2471 velitis,
2259 2412 2309 2462 &
2336 2418 2391 2460 ut
2418 2421 2429 2483 J

353 2491 533 2540 faciatis
555 2488 852 2537 voluntatem
876 2485 974 2550 ejus
996 2503 1143 2553 usque
1169 2488 1227 2533 ad
1248 2493 1480 2542 mortem,
1513 2485 1543 2533 i.
1555 2499 1597 2531 e.
1631 2483 1760 2548 quod
1787 2481 1882 2546 ipse
1896 2480 2074 2530 Cristus
2092 2479 2210 2529 vult.
2255 2480 2316 2526 Et
2326 2479 2430 2550 [effi.

355 2559 563 2606 cundum
587 2557 631 2603 b.
648 2557 925 2616 augustinum
945 2555 1166 2603 voluntas
1187 2554 1304 2611 Dei,
1339 2568 1479 2617 quam
1502 2551 1595 2616 ipse
1620 2547 1796 2597 Cristus
1819 2548 1996 2597 fecit&
2019 2547 2187 2595 docuit
2198 2547 2247 2593 in
2257 2549 2411 2621 muni

355 2627 448 2681 do,
486 2623 551 2671 est
572 2623 804 2671 humilitas
827 2625 874 2670 in
895 2623 1256 2671 conversatione
1271 2660 1283 2676 ,
1315 2619 1602 2668 verecundia
1622 2618 1670 2665 in
1693 2617 1875 2671 verbiS,
1910 2613 2128 2663 stabilitas
2144 2613 2192 2660 in
2207 2610 2392 2675 fide,Ju-

355 2692 476 2740 stitia
498 2692 546 2738 in
570 2688 729 2746 facitis3
760 2690 1075 2738 misericordia
1097 2694 1144 2739 in
1168 2688 1405 2753 operibus.
1479 2683 1729 2750 Disciplina
1754 2685 1802 2731 in
1821 2682 2059 2737 moribus,
2091 2677 2312 2743 injuriam
2325 2678 2390 2726 fa-

355 2775 468 2808 cere
503 2773 601 2804 non
648 2755 803 2813 nosse,
839 2758 888 2806 ὅ(
911 2759 988 2806 fibi
1012 2757 1183 2806 fatiam
1206 2755 1410 2803 tolerare
1451 2751 1581 2818 posse
1607 2767 1716 2798 cum
1740 2749 1968 2814 proximis
1990 2761 2166 2812 pacem
2187 2747 2388 2797 habere,

352 2829 512 2876 Deum
535 2837 595 2871 ex
619 2831 727 2870 toto
753 2826 896 2870 corde
917 2825 1111 2889 diligere
1126 2858 1139 2882 ,
1156 2837 1312 2872 amare
1332 2823 1379 2868 in
1399 2836 1462 2868 eo
1486 2821 1613 2883 quod
1636 2825 1774 2882 pater
1795 2814 1861 2862 est
1870 2848 1888 2883 9
1923 2815 2095 2863 timere
2116 2816 2164 2862 in
2179 2829 2238 2862 eo
2260 2811 2408 2878 quod—

348 2896 484 2943 Deus
500 2891 591 2949 est,
627 2889 815 2937 Christo
840 2891 951 2939 nihil
973 2906 1250 2957 praeponere
1268 2891 1496 2945 omnino,
1534 2887 1640 2951 quia
1662 2897 1751 2931 nec
1764 2881 1839 2930 ille
1860 2882 2114 2946 quicquam
2130 2883 2387 2942 nobisprae-

353 2962 535 3027 posuit,
566 2958 749 3006 caritati
791 2955 891 3018 ejus
936 2959 1298 3019 inseparabiliter
1321 2957 1554 3004 adhaerere
1571 2985 1586 3009 ‚
1624 2950 1752 2998 cruci
1775 2946 1873 3011 ejus
1901 2950 2089 2997 fortiter
2111 2963 2167 2996 ac
2187 2947 2387 2996 fidenter

356 3028 557 3081 affistere
579 3025 768 3092 quando
790 3026 849 3072 de
873 3021 972 3087 ejus
990 3027 1186 3076 nomine
1211 3041 1265 3075 ac
1288 3028 1475 3075 honore
1498 3027 1741 3071 certamen
1757 3016 1822 3067 est
1836 3049 1851 3077 ‚
1884 3017 2109 3067 exhibere
2128 3017 2177 3067 in
2198 3017 2385 3064 Sermo·

2320 3091 2380 3129 ne
2469 3122 2471 3126 ,
