2547 3442
150 196 180 259 a
201 207 320 272 Cap.
338 199 722 269 ftinffteffieylage·
770 241 773 243 >
830 221 851 227 ²
971 193 1077 255 bon
1089 198 1133 249 S.
1158 194 1451 248 Catharinen
1470 197 1677 259 zadae.
2061 283 2064 286 Δ
2217 208 2287 270 47

83 282 2123 303 Wffi-..fflmm-w

23 372 29 374 ,
79 308 441 383 Hamburgenfis
484 314 608 365 dine
637 314 829 363 diocesis
861 315 1030 363 fratres
1063 311 1270 362 carnales
1298 311 1646 362 considerantes
1675 315 1849 364 fruetus
1879 317 2086 366 reddi-tus
2109 316 2158 365 ὅ(
2179 330 2286 380 pro·
2319 376 2324 378 g

79 395 249 435 uentus
273 384 485 448 ejusdem
503 384 706 431 Vicariae
728 384 849 431 adeo
866 381 1124 430 diminutos
1154 381 1286 438 fore,
1321 380 1451 445 quod
1474 380 1641 429 exillis
1665 382 1743 445 qui
1757 384 1962 447 quinque
1982 382 2283 431 marcharum

80 453 263 519 argenti
288 452 542 499 secundum
567 452 930 498 extimationem
953 462 1260 495 communem
1274 449 1491 496 valorem
1512 463 1724 495 annuum
1750 464 1850 495 non
1870 451 2107 498 excedunt
2130 446 2280 496 dietus

76 521 192 568 Dns.
214 519 500 583 Meynardus
541 516 619 566 vel
655 517 802 581 quiuis
835 514 950 563 alius
994 522 1278 579 perpetuam
1309 515 1532 562 vicariam
1555 515 1775 562 obtinens
1806 518 2057 562 commode
2082 532 2180 563 non
2199 531 2281 563 va-

50 634 54 636 ,
77 585 172 635 leat
197 584 436 633 sustentari
457 600 512 631 ac
537 583 723 631 suorum
749 597 1013 646 eorumque
1049 582 1414 646 progenitorum
1447 583 1750 629 intendentes
1784 581 2041 628 animarum
2063 582 2279 638 salutem,

8 652 41 670 ²
77 668 140 701 ne
159 668 258 700 non
287 652 345 699 ad
377 652 520 700 diuini
548 649 700 698 cultus
721 649 974 714 aspirantes
1006 656 1319 712 ‘augmentum
1341 650 1399 695 de
1429 648 1566 696 bonis
1587 646 1614 695 a
1636 649 1742 696 Deo
1766 647 1945 696 collatis
1970 648 2138 711 viginti
2161 664 2280 695 mar-

78 719 506 777 charum-,redditus
527 730 708 773 annuos
733 715 1003 763 Lubicenfis
1025 721 1222 762 monete
1245 717 1398 763 eidem
1412 716 1536 762 Dno.
1551 715 1841 779 Meynardo,
1874 713 1950 761 uel
1977 728 2115 777 quem
2136 714 2281 778 ipsam

34 836 47 853 s
75 786 317 834 Vicariam
339 786 431 851 *pro
453 793 673 848 tempore
701 783 934 831 canonice
959 784 1176 841 obtinere
1200 783 1453 847 contingat
1475 782 1606 830 annis
1629 781 1810 845 lingulis
1824 788 2060 846 perpetuo
2081 795 2190 827 cum
2216 780 2281 827 ef-

76 849 205 901 festu
230 853 288 900 de
320 854 469 899 domo
496 852 543 900 ὃς
565 850 840 897 haereditate
860 850 1117 897 Borchardi
1136 848 1441 913 Wyduthen
1466 849 1546 897 fita
1569 850 1615 896 in
1635 848 1763 898 ditio
1791 849 1942 912 opido
1961 849 2009 895 in
2040 845 2197 912 platea
2219 846 2283 893 di-

78 916 153 968 &a
178 918 432 982 vulgariter
452 914 674 980 Εὓίῗβΐαΐε
696 916 1037 981 persolvendos
1054 917 1102 965 in
1125 924 1434 980 augmentum
1456 914 1667 979 ejusdem
1680 914 2028 965 Vicarielibere
2047 910 2286 982 donarunt

75 985 401 1034 concesserunt
438 985 487 1034 &
523 982 807 1048 assignarunt
828 1016 843 1041 ,
895 984 1035 1031 nobis
1074 982 1299 1032 instanter
1323 983 1626 1049 supplicando
1649 1017 1664 1040 ,
1700 990 1754 1031 ut
1781 983 1988 1030 redditus
2012 979 2284 1044 hujusmodi

73 1053 152 1109 sub
172 1051 474 1117 protectione
497 1049 812 1100 Ecclefiastica
833 1058 976 1115 atque
999 1049 1154 1099 nostra
1174 1051 1231 1098 ad
1249 1058 1559 1115 augmentum
1582 1049 1705 1099 diete
1715 1051 2142 1114 Vicarie‘recipere
2164 1049 2283 1097 &ad

72 1121 271 1166 ean-dem
295 1119 536 1167 Vicariam
555 1134 609 1166 ac
629 1118 688 1166 ad
710 1117 826 1166 alios
847 1118 1083 1175 redditus⁷
1117 1117 1400 1182 quibusipsa
1419 1118 1545 1182 prius
1559 1119 1723 1167 dotata
1747 1117 1898 1166 existit
1921 1151 1938 1174 ‚
1971 1116 2194 1166 videlicet
2217 1117 2283 1164 di-

70 1186 266 1234 midium
289 1186 490 1234 chorum
513 1185 610 1236 salis
634 1187 683 1234 in
707 1184 846 1234 salina
870 1185 1159 1233 Luneborch
1177 1185 1225 1231 in
1248 1185 1396 1233 domo
1418 1184 1623 1249 Ulinghe
1645 1201 1700 1234 ac
1733 1187 1873 1234 trium
1905 1184 2201 1232 marcharum
2233 1184 2284 1230 in

68 1251 373 1317 Beyenflethe
397 1254 591 1308 interra
613 1253 784 1302 Veteri
807 1252 1061 1300 Verdenfis
1092 1251 1288 1303 diocefis
1311 1284 1326 1308 ,
1372 1252 1423 1301 ὅ(
1453 1253 1634 1316 septem
1669 1253 1967 1301 marcharum
1999 1252 2057 1299 de
2086 1250 2281 1298 dimidio

68 1319 229 1368 manso
254 1320 339 1368 fito
372 1321 421 1367 in
440 1320 588 1367 Insula
609 1318 1217 1384 quediciturAchterslach
1243 1317 1366 1366 diere
1388 1319 1645 1370 Bremenfis
1681 1320 1874 1384 diocesis
1897 1319 1999 1383 jam
2028 1327 2082 1366 ut
2110 1318 2281 1365 dicitur

71 1386 381 1443 desertarum,
418 1402 473 1433 ac
497 1388 695 1435 duarum
717 1386 1016 1433 marcharum
1041 1400 1222 1432 annuos
1243 1386 1453 1432 redditus
1476 1384 1670 1433 de00c⁶t0
1698 1387 1994 1434 marcharum
2019 1385 2278 1433 redditibus

72 1451 123 1498 in
146 1452 311 1515 quibus
334 1452 577 1515 Johannes
596 1450 1009 1499 Hummersbuttel
1039 1449 1241 1498 famulus
1274 1450 1412 1498 nobis
1448 1458 1639 1498 tenetur
1671 1453 1903 1516 obligatus
1940 1468 2053 1517 quas
2076 1453 2279 1499 duarum

71 1518 369 1565 marcharum
387 1518 595 1566 redditus
614 1518 674 1565 ad
699 1514 971 1581 hujusmodi
990 1517 1228 1566 Vicariam
1259 1517 1503 1581 Johannes
1530 1517 1653 1564 Pust.
1685 1521 1926 1582 quondam
1948 1519 2079 1567 dedit
2110 1518 2159 1567 ὅ(
2179 1514 2276 1565 assi-

70 1586 258 1646 gnavst,
293 1583 529 1648 applicare
549 1585 864 1648 dignaremur.
969 1585 1083 1633 Nos
1095 1584 1239 1646 igitur
1258 1585 1561 1631 attendentes
1585 1583 1976 1648 supplicationem
1999 1584 2278 1648 hujusmodi

68 1649 174 1697 fore
188 1647 360 1714 justam
379 1649 658 1697 laudabilem
677 1650 726 1699 <Sc
743 1648 992 1697 honestam>
1014 1665 1070 1697 ac
1092 1650 1406 1697 deuotionem
1437 1650 1547 1696 Dn‘i.
1576 1651 1825 1713 Meynardi
1853 1652 1902 1701 &
1923 1652 2154 1716 Johannis
2185 1654 2274 1699 ira-

67 1723 192 1764 trum
227 1714 548 1782 prediEiorum
588 1717 761 1764 merito
790 1717 1241 1764 recommendantes
1270 1717 1319 1763 in
1340 1715 1567 1763 ‘Domino
1594 1715 1737 1765 dietas
1772 1719 1940 1783 viginti
1970 1719 2274 1775 marcharum
2341 1774 2344 1779 ι

65 1783 274 1832 redditus
294 1783 354 1831 ad
374 1783 507 1831 usum
525 1781 650 1832 ὤθεε
675 1783 849 1832 vicarie
880 1782 961 1832 sub
992 1781 1295 1849 protectione
1325 1782 1631 1832 ecclesiastica
1655 1791 1798 1850 atque
1827 1785 1982 1834 nostra
2002 1788 2052 1834 in
2075 1788 2274 1835 nornine

66 1849 260 1898 Domini
281 1851 547 1915 recepimus
569 1851 619 1900 ὅ(
644 1850 979 1917 recipimus&
1008 1851 1067 1898 ad
1099 1850 1302 1899 eandem
1321 1850 1564 1900 Vicariam
1594 1851 1645 1902 ὅ(
1675 1851 1814 1916 ipsius
1833 1854 2065 1902 Redditus
2088 1853 2272 1918 priores

68 1915 408 1982 applicavimus
431 1917 480 1968 ὃ(
501 1924 676 1966 tenore
695 1917 981 1983 presentium
1003 1916 1322 1982 applicamus:
1379 1917 1506 1966 Cum
1525 1920 1688 1983 itaque
1719 1919 1851 1984 supra
1872 1920 1982 1970 dieti
2002 1916 2116 1969 Dns.
2136 1922 2275 1985 Mey-

64 1984 234 2032 nardus
255 1984 304 2035 ὅ(
324 1985 565 2049 Johannes
583 1983 758 2033 Beueld
779 1992 979 2050 propter
1001 1986 1314 2033 donatio-nem
1337 2017 1353 2042 ,
1385 1982 1662 2048 hujusmodi
1684 1986 1876 2035 Vicarie
1907 1989 2023 2036 noui
2056 1985 2271 2051 ejusdem

65 2049 256 2107 Vicarie
286 2051 564 2100 fundatores
601 2051 781 2104 merito,
804 2052 1099 2100 conseantur..
1191 2053 1401 2117 Ideoque
1434 2067 1493 2099 ex
1516 2053 1665 2117 gratia
1697 2053 1745 2102 ὃ(
1769 2054 1936 2103 fauore
1957 2055 2141 2121 speciali
2163 2054 2270 2119 ipfis

63 2117 418 2176 hocsshumiliter
439 2121 711 2184 petentibus
733 2119 783 2169 ὅς
808 2124 974 2167 eorum
999 2119 1191 2168 cuilibet
1213 2121 1432 2184 quamdiu
1455 2120 1601 2168 vitam
1622 2122 1844 2169 duxerint
1874 2122 1922 2169 in
1942 2121 2183 2179 humanis,
2218 2121 2273 2171 ὅς’

72 2182 177 2248 post
197 2199 361 2233 eorum
386 2183 892 2249 &cujuslibetsseorum
908 2188 1093 2244 obitus,
1129 2187 1313 2234 Seniori
1332 2186 1382 2236 ὅ(
1401 2187 1678 2252 proximiori
1703 2203 1867 2236 eorum
1890 2190 2063 2237 haeredi
2086 2189 2135 2239 ὅ(
2156 2204 2274 2236 con-

71 2251 323 2315 sanguineo
348 2251 438 2300 fiue
459 2253 684 2302 masculus
708 2261 789 2301 aut
805 2254 990 2301 *femina
1008 2254 1181 2311 fuerit,
1212 2255 1477 2302 dummodo
1495 2255 1692 2319 persona
1713 2255 1941 2319 Religiosa
1963 2272 2064 2304 non
2086 2255 2268 2304 existat.

63 2315 431 2391 JusPatronatus
467 2320 517 2370 &
546 2321 843 2385 presentandi
870 2321 1120 2386 personam
1147 2322 1371 2370 idoneam
1401 2322 1460 2368 ad
1492 2320 1662 2368 dietam
1692 2330 1976 2387 perpetuam
1994 2322 2265 2380 Vicariam,

64 2398 165 2445 ejus
185 2388 538 2434 occurrentibus
560 2388 868 2437 vacationum
887 2389 1185 2454 temporibus
1206 2390 1403 2436 Decano
1427 2390 1504 2451 qui
1532 2403 1620 2452 pro
1650 2395 1868 2455 tempore
1890 2390 2032 2438 fuerit
2054 2391 2102 2440 ὃ(
2123 2391 2268 2455 Capi-

64 2447 169 2499 tulo
190 2451 374 2514 prefate
403 2452 561 2500 nostre
583 2454 792 2502 ‚Ecclefie
822 2471 908 2520 per
935 2471 1039 2504 nos
1056 2456 1170 2504 inibi
1194 2454 1530 2503 instituendum
1551 2470 1704 2520 usque
1725 2458 1784 2504 ad
1807 2464 1999 2505 centurn
2021 2457 2070 2507 ὃς
2092 2458 2264 2522 viginti

64 2531 216 2568 annos
239 2518 484 2581 proximos
549 2520 736 2583 Qibus
759 2521 919 2586 elapsis
944 2522 1278 2578 collationem,
1312 2521 1629 2584 prouisionem
1649 2539 1704 2572 ac
1726 2526 2053 2573 omnimodam
2075 2524 2263 2590 disposi-

0 2594 7 2598 “
65 2583 250 2631 tionem
271 2582 484 2648 predi&e
506 2584 698 2632 Vicarie
720 2588 778 2633 ad
799 2603 890 2635 nos
914 2587 1028 2634 sicut
1049 2588 1174 2652 prius
1204 2588 1349 2636 libere
1379 2588 1428 2638 ὅ(
1449 2591 1646 2639 omnino
1671 2595 1847 2642 reuerti
1863 2592 2082 2651 volumus
2117 2593 2166 2640 in
2187 2589 2263 2639 re-

64 2651 368 2714 compensam
397 2649 710 2700 conceflimus
742 2652 792 2702 ὅ(
821 2654 1100 2701 donauimus
1121 2687 1136 2711 ‚
1181 2670 1237 2702 ac
1270 2657 1582 2706 concedimus
1613 2658 1664 2709 &
1685 2660 1915 2708 donamus
1936 2661 2103 2708 harum
2128 2660 2259 2708 serie.

63 2715 303 2765 Predi&us
336 2726 501 2768 tamen
531 2720 824 2784 presentatus
853 2722 1007 2768 eidem
1037 2721 1232 2769 Decano
1265 2723 1585 2773 obedientiam
1611 2730 1925 2776 reuerentiam
1948 2727 1997 2777 <Sc
2017 2728 2271 2776 honorem<

32 2807 35 2809 ,
63 2783 243 2831 debitas
265 2784 407 2833 faciet
421 2785 749 2835 &consuetos
821 2786 1057 2835 Volumus
1073 2789 1215 2836 etiam
1230 2789 1446 2854 quotiens
1458 2791 1569 2842 dieti
1593 2795 2081 2860 vigintimarcharum
2109 2795 2263 2843 reddi-

61 2855 139 2896 tus
160 2851 209 2898 in
237 2858 345 2898 toto
367 2852 446 2900 vel
467 2855 514 2901 in
536 2861 674 2916 parte.
692 2869 752 2906 ex
782 2852 1189 2903 dieta'hereditate
1210 2857 1287 2903 seu
1319 2857 1423 2906 alibi
1453 2862 1690 2926 redempti
1719 2863 1925 2919 fuerint,
1968 2870 2023 2910 ut
2055 2862 2260 2927 pecunia

63 2915 174 2967 inde
191 2918 477 2981 proueniens
509 2921 567 2966 de
589 2921 705 2969 scitu
728 2921 777 2971 &
798 2921 1006 2969 Consilio
1036 2920 1178 2970 nostri
1201 2924 1409 2990 Capituli
1436 2927 1634 2991 prediffl
1662 2930 1783 2977 intra
1813 2929 1890 2977 uel
1920 2928 2255 2977 extraditium

65 2983 261 3047 opidum
281 2985 639 3051 Hamburgenfe
658 2989 707 3037 in
732 2987 851 3036 alios
875 2996 1324 3055 certosperpetuos
1358 2995 1567 3042 redditus
1599 2998 1657 3044 ad
1681 2997 1807 3045 usum
1828 2996 2038 3062 predieie
2062 2996 2253 3045 Vicarie

12 3106 14 3108 ,
64 3063 206 3115 quam
223 3053 428 3118 primum
448 3056 704 3126 commode
722 3054 822 3114 fieri
837 3057 1018 3126 poterit
1042 3056 1364 3124 imponentur.
1434 3061 1489 3131 {n
1521 3078 1726 3130 quorum
1746 3065 1964 3133 omnium·
1978 3064 2028 3117 ὅ(
2054 3061 2253 3128 fingule-

2149 3140 2257 3183 rum
