2471 3463
113 208 143 243 2
159 194 278 258 Cap.
291 164 723 253 'fi‘ebcnbeiffieptaga
1008 189 1116 237 von
1137 182 1203 231 St.
1217 181 1341 230 Petri
1355 176 1562 236 Ξὶίτάκ.
1796 251 1798 254 y
2132 194 2212 253 „¹9
2224 196 2243 229 1

41 307 188 355 nostri
216 306 422 354 decimas
459 306 566 353 Deo
603 306 766 352 damus
798 302 899 348 haec
933 296 1345 348 GRAEGORIUS.
1446 299 1607 364 Qare
1637 305 1795 346 autem
1823 315 1922 346 non
1942 297 2245 346 observamus

41 387 209 422 verum
224 371 459 436 jejunium
475 388 579 437 quo
604 369 814 420 Christus
830 365 1116 431 jejunavit„
1135 367 1213 430 qui
1235 364 1387 412 statim
1411 365 1515 429 post
1540 365 1818 429 baptismum
1842 366 2090 413 inchoavit
2114 398 2128 421 a
2164 364 2243 412 sed

42 454 153 488 cum
175 440 349 488 Pascha
370 439 481 489 illud
502 440 864 493 continuamus,
897 433 1191 498 quadruplex
1212 433 1333 479 ratio
1355 430 1605 497 affignatur
1633 431 1682 478 in
1703 438 1876 478 Summa
1895 434 2096 494 Magistri
2117 436 2242 490 JOH.

34 510 273 555 BELETH.
376 507 532 555 Prima
565 505 631 554 est
660 512 716 553 ut
744 503 774 552 fi
797 501 1014 552 volumus
1038 514 1148 545 cum
1171 498 1360 547 Christo
1390 499 1630 563 resurgere
1651 500 1757 562 quia
1779 514 1865 562 pro
1892 502 2028 548 nobis
2052 500 2148 564 ipse
2173 498 2241 546 est

41 572 194 639 passus
218 575 268 624 ὅ(
288 590 377 622 nos
401 590 510 623 cum
529 589 588 622 eo
608 570 821 637 compati
845 569 1085 616 debemus.
1155 567 1373 613 Secunda
1394 565 1459 613 est
1475 598 1490 623 ,
1528 572 1580 612 ut
1602 580 1686 630 per
1706 566 1803 612 hoc
1824 564 2120 614 filioslsraelis
2141 567 2244 615 imi-

39 647 198 689 temur
220 675 234 699 ,
270 643 351 706 qui
374 657 462 706 pro
485 656 546 689 eo
573 649 793 704 tempore
819 636 1033 683 exierunt
1053 634 1111 679 de
1132 630 1342 696 AEgypto
1365 666 1379 690 ‚
1411 631 1572 697 postea
1595 647 1656 680 eo
1679 642 1901 698 tempore
1925 633 1983 678 de
2003 633 2244 682 Babilonia
2283 645 2286 647 ·

36 700 171 772 quod
193 710 333 757 etiam
347 710 575 774 probatur
595 741 610 764 ,
630 702 1032 771 quemadmodum
1056 707 1153 747 tam
1176 701 1223 746 in
1247 714 1303 761 ea
1325 702 1456 764 quod
1477 699 1540 747 illi
1560 699 1712 748 statim
1735 701 1926 764 quando
1951 698 2115 764 egressi
2136 700 2241 748 sunt

39 773 401 825 celebraverunt
421 775 597 823 Pascha
610 768 639 836 3*
676 774 751 820 Sic
774 770 823 819 ὃς
843 784 932 816 nos
954 768 1192 815 imitantes
1213 782 1296 814 eos
1319 767 1416 815 hoc
1437 775 1656 833 tempore
1679 765 1945 831 jejunamus
1960 799 1975 824 ,
2010 774 2063 814 ut
2084 767 2142 813 de
2164 767 2242 815 AE-

1 880 10 885 ,
35 849 186 906 gypto
211 843 260 892 <Sc
282 844 341 890 de
364 841 604 890 Babilonia
624 841 670 887 id
694 838 786 894 est,
825 837 883 884 de
907 836 1004 883 hoc
1022 836 1203 882 mundo
1228 868 1242 893 ,
1278 834 1328 881 in
1348 842 1522 882 terram
1546 843 1731 884 aeternae
1751 834 2036 882 haereditatis
2060 833 2243 898 ingredi

35 923 318 957 mereamur.
402 910 563 956 Tertia
583 908 704 954 ratio
727 905 792 953 est
816 902 1223 968 quemadmodum
1255 901 1418 951 fervor
1450 901 1652 951 libidinis
1687 906 1735 951 in
1756 910 1977 966 tempore
2001 901 2123 949 veris
2146 916 2243 947 ma-

36 976 109 1038 gis
130 976 247 1024 solet
268 993 357 1025 nos
381 977 636 1032 accedere,
667 981 722 1021 ut
742 988 858 1036 ergo
879 970 1174 1018 refrenemus
1200 971 1413 1033 corporis
1424 968 1584 1017 aestum
1605 973 1653 1018 in
1674 973 1770 1017 hoc
1795 977 2015 1034 tempore
2038 967 2243 1016 maxime

29 1039 311 1106 jejunamus.
414 1043 598 1110 Qarta
627 1041 747 1089 ratio
781 1037 847 1088 est
871 1053 1013 1104 quare
1034 1035 1187 1084 statim
1210 1036 1315 1102 post
1332 1034 1569 1101 jejunium
1594 1038 1821 1085 debemus
1845 1052 2021 1100 corpus
2045 1035 2245 1083 Domini

36 1107 269 1174 accipere.
339 1107 469 1158 Sicut
489 1124 606 1174 ergo
627 1107 707 1158 filii
727 1101 862 1156 Israel
884 1107 1008 1171 prius
1036 1120 1179 1169 quam
1203 1107 1515 1153 comederent
1538 1120 1713 1169 agnum
1738 1105 1779 1153 se
1803 1104 2073 1169 affligebant
2093 1103 2142 1152 ὃ(
2162 1118 2243 1149 co-

31 1177 288 1235 medebant
307 1176 510 1226 ladiucas
532 1175 733 1240 agrestes
756 1175 807 1224 &
829 1188 1008 1221 amaras
1033 1206 1048 1230 ,
1096 1174 1161 1220 ita
1191 1171 1241 1222 &
1267 1187 1356 1220 nos
1381 1172 1608 1221 debemus
1632 1188 1717 1238 per
1753 1172 2085 1237 poenitentiam
2113 1171 2241 1236 prius

33 1243 198 1309 affligi,
228 1252 283 1294 ut
310 1242 701 1316 dignigvaleamus
725 1241 984 1291 comedere
1009 1255 1184 1305 agnum
1209 1241 1334 1288 vitae.

741 1343 990 1408 JEJUNIA
1024 1344 1110 1391 Ν.
1147 1321 1548 1392 fri-:MPORUMv

205 1440 378 1499 Jejum'a
404 1444 476 1487 IV.
505 1446 786 1502 'temporum
813 1437 839 1484 a
860 1436 1054 1485 Kalixto
1077 1436 1206 1501 Papa
1228 1436 1433 1484 instituta
1455 1438 1554 1484 sunt
1575 1469 1587 1494 ‚
1622 1435 1742 1486 fiunt
1765 1445 1924 1494 autem
1949 1438 2042 1486 hec
2063 1433 2241 1500 jejunia

37 1511 203 1570 quater
226 1508 274 1556 in
293 1522 418 1555 anno
446 1509 475 1556 i.
489 1522 529 1555 e.
544 1507 646 1553 sunt
668 1512 873 1570 quatuor
893 1512 1113 1569 tempora
1135 1503 1271 1569 ipsius
1295 1505 1404 1552 anni
1426 1537 1440 1561 ,
1475 1503 1524 1553 ὅ(
1548 1501 1687 1568 hujus
1711 1505 1776 1554 est
1796 1504 2047 1570 multiplex
2065 1506 2206 1553 ratio.

203 1591 353 1635 Prima
374 1589 431 1648 est
448 1622 462 1646 ,
507 1588 908 1652 quemadmodum
925 1587 1026 1633 Ver
1061 1585 1126 1634 est
1149 1585 1351 1634 calidum
1374 1586 1423 1636 ὃς
1442 1584 1687 1634 humidum
1704 1620 1717 1645 ,
1755 1587 1902 1636 AEstas
1927 1586 2075 1635 calida
2093 1587 2142 1636 δε
2161 1586 2240 1634 fic·

33 1670 103 1702 ca.
175 1658 480 1721 Autumpnus
501 1655 696 1719 frigidus
730 1654 899 1710 siccus,
937 1654 1154 1717 Hyemps
1176 1654 1342 1717 frigida
1363 1654 1412 1702 ὃς
1436 1653 1644 1700 humida.
1727 1654 2001 1717 jejunamus
2024 1654 2165 1717 igitur
2191 1654 2240 1702 in

33 1735 145 1771 vere
170 1731 223 1770 ut
244 1725 439 1771 noxium
462 1723 712 1769 humorem
734 1721 782 1770 <Sc
802 1719 1034 1767 luxuriam
1056 1720 1104 1783 in
1128 1721 1263 1767 nobis
1288 1729 1639 1784 temperemus;
1672 1721 1720 1767 in
1741 1721 1885 1769 estate
1909 1755 1923 1779 ,
1964 1728 2017 1769 ut
2039 1723 2239 1781 noxium

32 1787 238 1838 calorem
262 1789 574 1839 &avaritiam
597 1789 643 1835 in
664 1789 800 1836 nobis
821 1785 1140 1850 castigemu33
1190 1788 1238 1834 in
1272 1795 1538 1852 autumpno
1571 1796 1626 1835 ut
1661 1787 1938 1854 castigemus
1973 1789 2239 1837 ariditatem
2287 1792 2292 1793 ⁷

29 1855 265 1921 superbiet
300 1859 348 1905 in
368 1857 542 1921 hyeme
564 1864 618 1904 ut
636 1854 912 1920 castigemus
932 1855 1076 1919 frigus
1108 1853 1394 1903 infidelitatis
1419 1856 1467 1904 ὃς
1490 1853 1682 1904 malitie.
2014 1854 2027 1859 ’

210 1939 402 1987 Secunda
420 1937 540 1985 ratio
565 1934 629 1983 est
652 1969 666 1993 ,
697 1935 1105 2000 quemadmodum
1138 1934 1288 2000 prima
1319 1934 1458 1998 hujus
1481 1935 1652 1993 jejunia
1672 1933 1794 1983 fiunt
1814 1937 1862 1984 in
1881 1937 2057 1986 Martio
2079 1970 2092 1995 ‚
2137 1937 2167 1985 s.
2190 1937 2240 1986 in

32 2004 181 2068 prima
214 2005 474 2071 septimana
505 2003 675 2051 XLme
698 2036 712 2059 ‚
770 2010 825 2049 ut
852 2002 900 2050 in
923 2002 1059 2048 nobis
1082 2003 1374 2050 marcescant
1396 2003 1522 2052 vitia.
1615 2004 1732 2050 Non
1753 2006 1879 2052 enim
1906 2006 2106 2053 omnino
2129 2020 2240 2069 pos-

32 2071 136 2120 sunt
159 2073 204 2119 in
226 2074 362 2121 nobis
386 2070 642 2135 exstingui,
679 2069 757 2120 vel
780 2069 956 2134 potius,
970 2077 1023 2116 ut
1046 2069 1094 2116 in
1115 2070 1252 2117 nobis
1273 2073 1502 2118 virtutum
1520 2071 1731 2135 gramina
1754 2073 1976 2119 oriantur.
2050 2074 2102 2119 In
2125 2071 2239 2118 esta-

32 2145 81 2186 te
105 2137 223 2196 fiunt
247 2141 473 2194 secunda,
503 2146 556 2184 ut
577 2138 625 2183 in
647 2137 905 2201 septimana
928 2136 1267 2200 pentecosten,
1306 2139 1413 2202 quia
1437 2145 1553 2185 tunc
1575 2137 1709 2187 venit
1732 2138 1927 2202 Spiritus
1952 2136 2159 2196 saneim,
2187 2138 2239 2188 ὅ(

34 2219 124 2252 nos
147 2207 372 2253 debemus
393 2203 483 2253 effe
507 2205 750 2252 ferventes
775 2204 825 2250 in
849 2203 1023 2267 SpIritu
1046 2204 1091 2250 S.
1159 2205 1212 2252 In
1231 2205 1497 2269 Septembri
1526 2213 1636 2252 ante
1657 2203 1825 2251 festum
1847 2203 2094 2253 Michaelis
2118 2203 2238 2253 fiunt

28 2273 168 2320 tertia
183 2270 402 2336 jejunia3
441 2270 841 2336 quemadmodum
861 2268 1038 2318 fru6h1s
1070 2278 1173 2319 tum
1206 2270 1490 2336 colliguntur
1508 2306 1520 2326 ‚
1553 2271 1604 2319 <Sc
1636 2286 1725 2318 nos
1746 2271 1975 2319 debemus
1999 2279 2112 2319 tunc
2139 2274 2233 2320 deo

27 2340 223 2404 reddere
244 2338 451 2388 fruermn
477 2340 712 2387 bonorum
733 2352 933 2402 operum
954 2353 969 2398 3
1005 2339 1057 2384 In
1081 2336 1338 2386 Decembri
1363 2338 1483 2386 fiunt
1508 2344 1670 2401 quarta
1686 2339 1884 2398 jejunia,
1921 2340 2235 2404 quemadmo-

29 2405 141 2453 dum
159 2414 272 2455 tunc
294 2407 450 2454 herbo
466 2406 735 2454 moriuntur
755 2437 770 2462 ‚
809 2404 858 2454 ὅ(
879 2419 966 2462 nos
990 2406 1217 2454 debemus
1237 2404 1511 2454 mortificari
1534 2405 1729 2453 mundo.
1796 2417 1807 2419 “

205 2504 351 2549 Jertia
372 2506 493 2552 ratio
519 2502 613 2565 est3
647 2511 698 2551 ut
717 2503 894 2567 Judeos
924 2503 1176 2556 imitemur.
1281 2504 1419 2567 Judei
1440 2510 1606 2569 quater
1632 2505 1680 2553 in
1713 2517 1840 2552 anno
1864 2501 2230 2570 jejunabantur,

28 2577 138 2618 ante
161 2571 356 2634 pascha,
395 2578 507 2620 ante
528 2569 870 2635 pentecosten,
904 2570 1405 2635 antefcenopheyam,
1443 2573 1472 2620 i.
1495 2586 1536 2619 e.
1561 2579 1671 2621 ante
1695 2566 1923 2623 fixionem
1942 2573 2232 2623 tabernaculi

26 2637 75 2686 in
98 2638 388 2703 Septembri,
421 2638 470 2689 <Sc
491 2645 603 2687 ante
625 2638 821 2686 encenia
842 2637 890 2684 in
903 2637 1172 2685 Decembri.

202 2726 389 2790 Qarta
408 2727 529 2773 ratio
552 2723 644 2781 est,
679 2723 1081 2788 quemadmodum
1104 2722 1254 2769 homo
1279 2718 1463 2771 constat
1482 2738 1542 2771 ex
1563 2730 1769 2788 quatuor
1793 2721 2068 2780 elementis,
2084 2737 2230 2787 quan-

28 2798 130 2839 tum
153 2791 210 2838 ad
228 2807 399 2856 corpus
422 2826 436 2849 ,
475 2792 524 2841 &
546 2792 692 2840 tribus
722 2792 877 2838 auime
901 2790 1131 2854 potentiis
1154 2788 1244 2836 scil.
1280 2790 1547 2839 rationabili
1578 2790 1930 2857 concupiscibili
1954 2824 1969 2848 ‚
2016 2787 2228 2837 irascibili

29 2864 253 2923 quantum
275 2860 331 2906 ad
355 2861 556 2908 animam
571 2893 586 2916 ,
623 2866 677 2906 ut
697 2859 791 2906 hec
814 2858 954 2922 igitur
974 2857 1285 2905 moderentur
1303 2865 1469 2922 quater
1491 2860 1541 2907 in
1572 2874 1699 2907 anno
1721 2873 1806 2923 per
1827 2865 1921 2906 tres
1943 2858 2042 2905 dies
2058 2859 2228 2917 jejuna-

28 2940 117 2971 mus
131 2957 146 2981 ‚
183 2939 292 2973 cum
314 2929 634 2991 quaternarius
657 2926 888 2973 referatur
909 2925 967 2973 ad
988 2940 1201 2991 corpus,
1218 2926 1447 2979 ternarius
1468 2941 1585 2981 vero
1610 2927 1669 2981 acl
1690 2927 1895 2981 animam
1919 2958 1935 2988 ‚
1971 2924 2020 2977 ὅ(
2039 2925 2134 2976 hec
2156 2939 2226 2973 ra-

13 2992 182 3044 tiones
202 2991 305 3043 sunt
328 2993 534 3067 Magistri
556 2995 631 3061 Jo.
651 2992 912 3046 BELETH·
1170 3017 1172 3019 >
1580 2994 1585 2996 ’
2028 3026 2029 3030 =

2045 3104 2226 3173 Qinta
2290 3122 2293 3123 ⁷
