2547 3442
265 186 326 227 ,ο
669 177 671 179 ·
795 183 800 186 «
897 158 1177 217 υεὲιιηδεη
1198 160 1304 216 uno
1326 158 1679 220 Uadandum
2195 179 2237 228 3·
2259 164 2448 220 period.

250 285 322 364 6.
344 234 847 389 Praestaentatio
863 261 1202 362 Henrici
1215 273 1524 394 Bogeri
1537 276 1607 363 S.
1634 271 1799 364 Th.
1811 279 1916 366 D.
1933 274 2035 366 ad
2049 255 2455 370 Vicarffi

338 385 401 459 b.
425 383 647 456 Mariae
662 437 679 464 ‚
705 382 982 454 Simonis
1012 383 1170 454 item
1199 409 1274 455 ac
1295 386 1464 476 Judae
1487 386 1553 456 in
1580 385 1922 458 Catharina
1952 413 2062 482 per
2083 389 2359 472 Alleken‚

483 472 743 547 Nicolai
757 472 836 545 de
859 475 1130 545 SWoren
1154 474 1406 545 Procofi
1427 475 1716 547 relictam
1742 501 1970 550 coram
1994 481 2224 552 Senatu
2261 510 2263 512 ·

1130 562 1373 637 Hamb.
1394 564 1578 637 faeta.

812 700 882 744 Ex
904 695 1031 744 Libro
1051 698 1369 747 Memorandor.
1391 700 1456 746 ad
1470 705 1551 749 An.
1572 714 1680 760 1501.
1693 701 1763 759 25'.
1777 705 1889 764 Aug.

242 783 533 887 Sciendum
546 821 561 848 ‚
580 791 710 856 quod
732 805 860 839 anno
884 791 1260 856 quingentesimo
1283 795 1438 859 primo
1460 796 1628 845 XXV.
1650 797 1817 846 meniis
1839 796 2038 863 Augusti
2060 796 2152 847 fuit
2169 799 2449 849 venerabilis

313 856 364 905 ὅ(
387 858 603 922 egregius
625 858 716 905 Vir
737 858 834 909 Dn.
852 857 1088 907 Henricus
1107 861 1317 924 Bogerus
1341 862 1481 910 Sacre
1500 864 1774 930 Theologie
1783 864 1967 914 Doetor
1979 865 2071 915 &a
2090 866 2150 913 ad
2175 872 2357 914 certum
2370 867 2450 915 be-

236 921 472 977 neficium
494 923 853 973 ecclesiasticum
874 924 1008 973 situm
1028 927 1075 973 in
1100 927 1294 975 ecclefia
1314 928 1396 976 Ste
1413 929 1641 979 Katerine
1662 932 1957 995 hamburges.
1981 936 2039 980 ad
2068 932 2213 980 altare
2234 933 2279 980 b.
2297 933 2450 982 Marie

242 991 438 1055 virginis
462 991 512 1041 ὃς
531 990 708 1039 storum
729 991 931 1041 Simonis
954 991 1004 1041 ὅ(
1025 992 1172 1057 Jude,
1208 1009 1294 1059 per
1315 995 1501 1045 obitum
1525 999 1766 1062 quondam
1781 1000 1994 1063 DniJoh.
2018 999 2217 1048 Vedder
2238 997 2452 1064 ejusdem

242 1055 468 1119 beneficii
488 1057 640 1106 ultimi
664 1058 989 1108 &immediati
1010 1058 1270 1125 possessoris
1305 1077 1479 1110 vacans
1502 1096 1517 1122 ,
1552 1080 1639 1129 per
1666 1064 1915 1113 honestam
1943 1067 2038 1115 Dn.
2059 1066 2264 1115 Alleken
2300 1083 2452 1133 quon-

245 1120 359 1173 dam
381 1125 475 1173 Dn.
497 1124 687 1173 Nicolai
709 1127 769 1174 de
790 1126 999 1175 Sworen
1022 1126 1243 1176 Procons.
1263 1129 1574 1195 hamburgen.
1598 1130 1808 1180 relictam
1833 1133 1883 1179 in
1907 1133 2006 1181 vim
2036 1141 2168 1181 certe
2191 1137 2451 1184 concordie

240 1191 373 1242 inter
395 1193 597 1239 eandem
631 1191 840 1241 AlleKen
873 1193 923 1243 ὃς
953 1195 1188 1259 quandam
1207 1196 1300 1244 Dn.
1321 1197 1484 1244 Beken
1508 1199 1699 1264 providi
1719 1199 1904 1247 Hinrici
1924 1201 2091 1248 Hodes
2116 1201 2232 1249 civis
2254 1202 2447 1251 Staden.

242 1258 582 1307 conthoralem
614 1258 797 1308 literam
832 1261 890 1308 de
923 1260 973 1310 ὅ(
993 1263 1125 1325 supra
1141 1259 1248 1324 jure
1277 1271 1554 1328 patronatus
1576 1265 1668 1313 five
1693 1265 1992 1330 presentandi
2026 1266 2137 1316 dieti
2157 1268 2376 1317 beneficii
2395 1283 2454 1322 ac

244 1332 490 1373 certorum
513 1325 710 1375 aliorum
733 1325 1073 1375 beneficiorum
1095 1344 1182 1393 per
1202 1331 1279 1393 pie
1299 1333 1530 1378 memorie
1553 1332 1647 1383 Dn.
1671 1332 1919 1381 Hinricum
1933 1334 2066 1399 Hoep
2090 1336 2330 1398 quondam
2344 1351 2453 1400 pro-

243 1393 372 1439 confi
395 1393 736 1457 Hamburgeni.
758 1394 1087 1450 fundatorem,
1122 1392 1254 1456 cujus
1285 1395 1575 1443 fundationis
1596 1399 1778 1461 prefate
1798 1401 1907 1446 Dne
1926 1401 2056 1448 Beke
2078 1400 2129 1449 &
2147 1400 2317 1449 Alleke
2342 1418 2454 1466 pro·

243 1458 471 1507 ximiores
492 1459 693 1522 heredes
717 1458 936 1515 existunt,
958 1467 1103 1522 prout
1125 1460 1172 1506 in
1193 1458 1505 1508 instrumento
1529 1466 1790 1519 concordie
1812 1465 2010 1529 desuper
2031 1464 2256 1515 confeeco
2269 1467 2452 1533 plenius

245 1524 543 1573 continetur.'
605 1523 944 1590 speetabilibus
964 1526 1077 1572 viris
1096 1525 1315 1574 Dominis
1326 1528 1686 1591 proconstilibus
1711 1530 1759 1580 <Sc
1782 1533 2044 1580 consulibus
2057 1535 2283 1582 Senatum
2305 1536 2454 1601 Ham7

241 1591 463 1655 iburgens}
477 1592 647 1639 intoto.
657 1591 1103 1654 representantibus,
1117 1592 1165 1638 in
1178 1593 1284 1639 sede
1297 1593 1529 1641 consulari
1551 1596 1575 1622 *
1586 1600 1888 1661 congregatis
1913 1599 2225 1663 presentatus,
2236 1599 2372 1665 juxta
2384 1610 2455 1652 te-

245 1661 417 1706 norem
440 1657 558 1704 infra
580 1656 749 1722 scripte
772 1657 1088 1713 fundationis,
1125 1656 1258 1721 cujus
1279 1660 1513 1722 originalis
1534 1662 1674 1725 copia
1695 1664 1754 1710 de
1777 1666 1929 1712 verbo
1951 1668 2010 1713 ad
2030 1669 2226 1716 verbum
2248 1669 2455 1735 sequitur

246 1723 300 1774 ὅ(
314 1723 379 1770 est
391 1722 519 1771 talis:
542 1723 775 1771 Omnibus
787 1722 961 1771 Christi
983 1722 1197 1772 fidelibus
1218 1725 1458 1789 presentes
1477 1725 1635 1774 literas
1654 1729 1929 1793 inspeEturis
1951 1732 2028 1779 seu
2048 1736 2270 1784 audituris
2295 1738 2455 1787 Hinri-

248 1798 332 1838 e‘us
355 1789 667 1838 Scholasticus
697 1797 951 1854 totumque
981 1790 1256 1854 Capitulum
1289 1791 1481 1848 ecclefie
1516 1794 1855 1861 Hamburgen,
1892 1800 1940 1847 in
1962 1801 2174 1850 omnium
2204 1803 2453 1855 SalvatOre

248 1857 458 1907 salutem.
528 1857 745 1905 Rationis
766 1859 885 1909 ordo
900 1855 1118 1922 postulat,
1132 1873 1224 1923 que
1237 1874 1325 1924 pro
1347 1860 1492 1908 divini
1513 1861 1664 1909 cultus
1685 1875 1945 1929 augmento
1970 1867 2019 1915 in
2033 1869 2292 1919 animarum
2307 1871 2454 1930 salute

247 1923 357 1972 Deo
371 1923 399 1970 a
418 1923 628 1972 fidelibus
648 1923 908 1971 laudabilit:
946 1922 1230 1982 offeruntur,
1254 1941 1315 1973 ne
1335 1927 1467 1974 cursu
1481 1930 1710 1993 temporis
1733 1946 1817 1995 per
1835 1933 2087 1993 incuriam,
2110 1937 2454 2003 negligentiam

249 1990 330 2041 vel
350 1990 577 2038 oblivioni
601 1992 846 2038 traduntur
867 2024 881 2047 ,
918 1991 1177 2055 scripturar.
1214 1991 1487 2043 testimonio
1513 1997 1801 2045 roborentur
1821 2033 1836 2058 ,
1871 2003 2000 2065 quod
2030 2005 2090 2051 ad
2112 2007 2333 2055 notitiam
2354 2015 2455 2057 tam

251 2057 538 2122 presentium
560 2074 699 2122 quam
721 2057 985 2105 futurorum
1006 2059 1222 2123 cupimus
1255 2062 1505 2123 pervenire
1528 2095 1543 2118 ‚
1588 2066 1716 2127 quod
1744 2065 1969 2116 honestus
1996 2071 2069 2117 vir
2099 2071 2198 2120 Dns
2231 2075 2454 2124 Hinricus

251 2125 385 2189 Hoep
407 2123 656 2189 proconsul
679 2125 850 2172 Hamb.
873 2124 1068 2189 cupiens
1090 2133 1277 2173 terrena
1296 2128 1345 2174 in
1368 2127 1560 2192 celestia
1575 2130 1624 2178 ὃς
1643 2132 1903 2182 tranfitoria
1923 2136 1972 2183 in
1995 2145 2160 2186 eterna
2177 2139 2302 2189 felici
2323 2157 2455 2191 com-

249 2192 434 2256 mercio
454 2198 749 2239 commutare
765 2192 822 2238 ad
841 2191 983 2239 divini
1006 2193 1209 2242 nominis
1230 2192 1419 2241 laudem
1439 2195 1598 2261 suique
1620 2197 1771 2247 cultus
1795 2211 2103 2265 augmentum
2126 2221 2217 2254 nec
2237 2224 2338 2258 non
2361 2224 2453 2275 pro

254 2257 399 2307 salute
434 2260 587 2305 anime
621 2258 695 2305 sue
731 2258 781 2307 ὅ(
810 2260 1171 2323 progenitorum
1201 2260 1387 2308 suorum
1417 2278 1473 2310 ac
1510 2267 1723 2313 omnium
1747 2265 1955 2316 fidelium
1977 2271 2241 2320 defunstor.
2267 2277 2326 2323 ad
2350 2278 2454 2324 fun-

255 2324 430 2376 dandas
451 2324 499 2372 ὅ(
522 2324 835 2373 instaurandas
856 2326 969 2372 duas
991 2333 1244 2390 perpetuas
1266 2329 1462 2377 vicarias
1484 2331 1532 2378 in
1560 2331 1752 2380 ecclelia
1774 2334 1910 2382 beate
1935 2337 2162 2385 Katerine
2189 2343 2381 2406 virginis
2403 2345 2455 2392 in

254 2391 503 2453 Hamborg
528 2390 716 2454 triginta
738 2408 930 2444 marcar.
944 2392 1152 2441 redditus
1177 2395 1236 2441 de
1259 2396 1426 2454 domo,
1439 2397 1486 2444 in
1504 2396 1594 2462 quai
1616 2399 1763 2463 ipsum
1776 2401 2454 2472 theoloniumrecipiturnunc

255 2457 306 2505 ὅ(
323 2455 555 2519 colligitur
583 2472 637 2503 ac
663 2458 890 2515 servatur,
928 2459 977 2507 ἃ
997 2459 1055 2506 de
1074 2461 1419 2526 domolapidea
1440 2465 1665 2528 contigua
1687 2466 1736 2515 ὃ(
1756 2466 1951 2516 cellariis
1974 2469 2186 2532 ejusdem
2208 2477 2455 2527 annuatim

250 2522 555 2586 :recipiendos
578 2523 626 2580 ὁ(
646 2522 872 2572 levandos
895 2525 1127 2584 obtulit&
1144 2528 1341 2577 donavit
1364 2545 1417 2577 ac
1432 2529 1683 2579 liberaliter
1705 2529 1976 2598 affignavit,
2003 2540 2264 2588 accedente
2277 2544 2336 2590 ad
2352 2543 2454 2592 hoc

257 2590 407 2637 eciam
428 2589 535 2636 Dne
555 2590 717 2637 Beken
739 2592 896 2638 uxoris
911 2591 986 2637 sue
999 2624 1013 2648 ‚
1050 2592 1100 2642 ὅ(
1120 2594 1317 2643 aliorum
1339 2612 1542 2661 quorum
1567 2600 1793 2648 intererat
1815 2601 2114 2666 beneplacito
2135 2605 2186 2655 ὅ(
2207 2608 2451 2660 consensu.

199 2668 203 2669 ⁷
257 2657 513 2707 Vnde‘nos
536 2657 594 2703 ad
617 2657 857 2704 honorem
880 2659 1223 2722 omnipotentis
1244 2664 1333 2711 Dei
1355 2664 1403 2714 <Sc
1424 2662 1684 2714 beatiffime
1699 2668 1892 2733 virginis
1906 2670 2054 2718 Marie
2076 2670 2124 2720 ὅ(
2140 2672 2294 2722 sancte
2307 2676 2453 2726 Kate-

253 2725 356 2774 rine
383 2723 595 2787 prefatos
618 2724 825 2772 redditus
848 2722 898 2772 ὅ(
920 2724 1046 2771 bona
1067 2736 1371 2792 acceptantes
1392 2732 1440 2781 ὅ(
1462 2733 1540 2780 sub
1570 2732 1873 2798 proteffione
1901 2734 2204 2787 ecclesiastica
2225 2743 2451 2807 recipien.

257 2792 318 2839 de
342 2789 463 2854 ipse,
484 2790 711 2839 invocato
732 2791 809 2839 dei
832 2790 1045 2848 nomine,
1065 2793 1180 2841 duas
1196 2796 1390 2846 vicarias
1410 2809 1665 2866 perpetuas
1687 2801 1764 2849 seu
1793 2802 1889 2849 duo
1904 2800 2135 2855 beneficia
2146 2806 2453 2860 ecclesiastica

258 2858 528 2915 fundamus,
541 2858 824 2922 erigimus&
844 2865 1012 2905 tenore
1026 2859 1216 2923 piicium
1231 2862 1877 2926 instauramu8‚statuentes&
1898 2870 2172 2921 ordinantes
2189 2874 2448 2926 secundum

257 2923 561 2975 voluntatem
580 2923 692 2973 dieti
712 2925 904 2973 Domini
922 2925 1102 2974 Hinrici
1124 2935 1178 2975 ut
1200 2929 1361 2980 vicarii
1384 2932 1613 2984 &citarum
1630 2933 1907 2985 vicar-iarum
1932 2938 1992 2984 ad
2008 2937 2154 2991 altare
2169 2941 2214 2989 b.
2227 2943 2380 2992 Marie
2400 2944 2454 2996 δε

258 2988 514 3059 beatorum
545 2991 747 3040 Simonis
769 2992 819 3042 &
839 2992 959 3056 Jude
981 2993 1198 3059 aplorum
1217 2995 1266 3047 in
1278 3006 1387 3049 ortu
1413 3001 1506 3053 diei
1528 3003 1576 3054 in
1598 3001 1742 3060 estate
1771 3017 1913 3070 quam
1931 3002 1982 3059 in
2003 3003 2165 3062 hieme
2180 3008 2360 3063 miffam
2384 3010 2451 3059 le-

313 3061 319 3066 ·
375 3061 388 3065 “·
432 3059 528 3108 ηε.
549 3057 892 3114 ιίιὺετθῒαεῦβιιυε.
1907 3073 1910 3076 ’
1934 3073 1965 3076 *ff
2005 3073 2020 3075 *⁷
2315 3085 2448 3144 gant,
