2471 3463
250 203 352 265 432
966 193 1243 262 urssunben
1277 197 1383 252 unt>
1408 197 1767 258 wadaricbtm
2138 210 2192 266 3.
2218 205 2406 260 Period.

668 308 782 358 Bibl.
796 308 921 357 Patr.
948 309 1098 374 Lugd.
1751 312 1872 362 MSt.
1897 315 2020 363 Petr.
2045 317 2219 364 Hamb.

430 382 534 444 Ego
557 383 674 427 vero
703 374 798 439 jam
822 376 1009 424 delibor
1261 405 1277 416 -
1527 377 1630 440 Ego
1656 378 1784 425 enim
1801 379 1901 442 jam
1921 383 2123 431 delibor*

429 449 528 495 fera
551 445 810 501 crudelior,
838 445 916 508 qui
940 444 1084 491 filium
1335 452 1355 476 ὲ
1525 444 1623 491 fera
1647 447 1910 507 crudelior,
1933 465 2033 513 quae
2057 450 2215 498 filium.

428 515 508 580 qui
532 514 590 561 fic
609 512 808 561 violaret
831 511 988 577 legem
1012 510 1179 558 excelsi
1378 532 1396 544 ·
1517 512 1595 575 qui
1623 510 1680 558 fic
1697 512 2075 579 violaretlegem
2089 518 2193 567 Dei.

430 590 567 630 erant
586 582 711 629 enim
730 595 875 644 opera
900 580 1217 626 tenebrarum.
1352 601 1370 611 -
1515 575 1713 640 Desunt.

428 649 507 698 filii
528 650 621 697 mei
636 650 858 712 captione
882 646 1104 710 personat
1124 647 1171 693 in
1185 645 1331 694 triviis
1431 670 1449 678 -
1519 643 1598 692 filii
1621 647 1715 693 mei
1740 646 1787 692 in
1798 646 1963 696 triviis.

427 719 477 770 in
501 725 622 764 terra
635 713 911 762 Sanetorum
936 714 1091 776 iniqua
1113 712 1249 777 geffit
1384 737 1400 746 -
1516 713 1564 760 in
1587 720 1709 760 terra
1733 712 2185 779 Sanctoruminique
2208 716 2357 781 geffit.

428 785 488 832 fic
514 785 670 849 spiritu
693 807 708 815 ·
742 806 760 816 ·
794 779 1041 830 interficias
1073 783 1244 846 impios
1380 803 1399 814 ·
1515 779 1573 827 sic
1598 780 1754 843 spiritu
1786 804 1804 812 -
1840 780 2125 829 -interficies
2156 784 2342 847 impios.

427 853 549 918 Qae
573 852 700 899 enim
729 849 966 896 excusatio
993 846 1133 912 poffit
1335 876 1352 885 -
1515 849 1634 912 Qae
1659 855 1819 894 tamen
1840 849 2076 896 excusatio
2103 846 2258 914 poffit.
2281 881 2284 884 ι

424 918 650 968 liberandi
668 915 811 963 filium
837 930 995 962 meum
1031 937 1049 946 ·
1085 912 1371 978 potestatem
1426 940 1460 962 ⁷·
1511 914 1739 961 liberandi
1765 930 1897 972 eum,
1914 914 2214 981 potestatem.

421 993 623 1051 quantus
642 985 817 1030 amicus
839 983 908 1029 vir
930 995 1060 1028 meus
1084 982 1212 1038 Rex,
1352 1003 1370 1018 -
1505 990 1706 1044 quantus
1729 983 1904 1030 amicus
1937 985 2008 1031 vir
2031 997 2180 1032 meus.

421 1056 520 1101 imo
542 1050 693 1100 vestra
718 1050 1042 1113 promoverim
1242 1071 1262 1082 -
1514 1050 1612 1095 imo
1633 1048 1783 1096 vestra
1810 1052 2176 1113 procuraverim.

421 1119 578 1168 Dilexi
600 1133 689 1167 vos
712 1132 809 1164 non
827 1115 984 1179 lingua
1258 1137 1277 1148 -
1498 1115 1653 1163 Dilexi
1674 1132 1761 1163 vos
1785 1133 1884 1163 non
1909 1117 2140 1182 inlingua.

420 1187 470 1236 <Sc
496 1187 657 1234 odium
681 1199 768 1248 pro
793 1183 1045 1231 dilectione
1070 1183 1207 1230 mea?
1343 1210 1362 1221 -
1502 1183 1551 1231 &
1575 1183 1736 1229 odium
1762 1199 1848 1248 pro
1874 1182 2159 1237 dilectione}

416 1254 483 1301 Ut
506 1253 625 1301 salva
647 1266 764 1316 pace
792 1251 986 1298 Domini
1010 1249 1105 1297 mei
1276 1277 1296 1288 -
1500 1249 1637 1297 Salva
1660 1266 1777 1313 pace
1799 1251 1991 1297 Domini
2009 1254 2106 1299 mei

418 1325 467 1370 ὅ(
489 1323 568 1368 ubi
591 1319 818 1383 gloriosus
842 1318 967 1366 Petri
1240 1345 1258 1356 -
1433 1360 1440 1367 .
1510 1316 1559 1364 ὅ(
1582 1317 1660 1363 ubi
1681 1316 1923 1380 gloriofius
1944 1316 2071 1364 Petri

416 1389 466 1437 ὅ(
488 1385 815 1435 Pontificalem
839 1386 981 1449 sapiat
1006 1382 1283 1432 unctionem
1386 1412 1402 1420 -
1508 1383 1557 1432 δεῖ
1580 1383 1906 1431 Pontificalern
1922 1386 2066 1447 sapiat
2086 1383 2383 1450 dignitatern.

415 1471 563 1503 nemo
588 1454 768 1517 poterit
793 1455 1032 1516 corrigere
1264 1475 1282 1483 -
1518 1465 1663 1497 nemo
1691 1450 2118 1513 potest'corrigere.

412 1521 664 1587 tempestas
693 1522 929 1567 horrenda
953 1519 1185 1581 demergit
1323 1542 1342 1550 -
1513 1517 1764 1582 tempestas
1790 1520 1977 1566 horrida
1998 1521 2246 1582 demergit.

417 1588 586 1654 Populi
612 1587 752 1635 nostri
779 1602 945 1635 omnes
970 1588 1085 1633 dant
1110 1600 1275 1633 manus
1341 1614 1359 1624 -
1496 1585 1666 1648 Populi
1690 1586 1783 1633 mei
1810 1602 1975 1633 omnes
2007 1588 2121 1634 dant
2153 1601 2320 1637 marrus

412 1665 654 1704 terrenum
675 1652 886 1718 judicem
910 1655 968 1702 ad
981 1662 1116 1700 tuum
1271 1677 1289 1686 -
1491 1652 1517 1698 a
1542 1659 1732 1700 terreno
1752 1650 1914 1716 judice
1938 1654 1996 1700 ad
2019 1661 2153 1701 tuum
2203 1679 2205 1681 ·

410 1724 586 1772 doloris
605 1725 699 1770 mei
721 1722 1018 1770 vehementis
1043 1723 1275 1785 impetum
1364 1749 1382 1759 -
1480 1719 1656 1767 doloris
1679 1724 1771 1769 mei
1797 1722 2137 1773 vehementem
2168 1721 2416 1785 impetum.
2455 1768 2468 1771 -

409 1790 519 1839 ideo
546 1807 644 1838 non
667 1789 1202 1851 addam-&supponam
1337 1810 1355 1819 -
1473 1786 1522 1834 &
1545 1786 1654 1887 ides}
1676 1803 1773 1834 non
1796 1788 1962 1835 addam
2000 1818 2017 1825 -
2054 1788 2102 1836 ὅ(
2121 1788 2300 1852 ponam
2353 1803 2356 1806 ’

410 1858 553 1905 Vale.
1508 1853 1632 1908 Dees.
1648 1889 1657 1898 .

237 1931 320 1995 Ep.
338 1926 555 1977 CXLVI.
574 1925 710 1972 vobis
734 1920 1081 1988 praesentialiter
1102 1919 1233 1985 loqui
1406 1944 1424 1953 -
1492 1920 1573 1984 Ep.
1590 1907 1794 1967 XXXII.
1819 1919 2169 1983 praesentialiter
2203 1919 2335 1986 loqui

411 1993 641 2040 malorum
667 1987 895 2039 &dolore
932 2013 949 2021 -
981 2013 997 2020 -
1029 2004 1117 2036 nos
1140 1990 1276 2037 nimis
1376 2009 1395 2025 ο
1497 1986 1732 2034 malorum
1771 2016 1782 2024 -
1815 2010 1832 2018 -
1853 2003 1929 2033 me
1949 1988 2087 2034 nimis
2243 2030 2246 2034 .

410 2062 518 2108 Rex
532 2056 698 2122 junior
723 2057 961 2106 &Comes
985 2056 1230 2103 Britanniae
1370 2079 1386 2088 -
1505 2054 1611 2101 Rex
1638 2054 1685 2102 ὅ(
1706 2055 1814 2100 Dux
1836 2055 2098 2101 Britanniae.

409 2127 544 2189 ipfius
566 2141 766 2188 regnum
788 2125 963 2188 captivi
987 2122 1307 2187 depopulatur
1411 2151 1426 2162 -
1496 2122 1631 2183 ipsius
1652 2135 1851 2185 regnum
1867 2120 2199 2184 depopulatur.
2280 2150 2283 2152 -

413 2194 493 2242 filii
517 2195 610 2240 mei
635 2200 850 2256 pugnant
872 2192 995 2237 inter
1017 2191 1059 2237 se
1262 2214 1280 2222 -
1503 2188 1577 2235 filii
1606 2190 1695 2235 mei
1723 2196 1936 2252 pugnant
1961 2196 2128 2241 contra
2151 2189 2210 2236 [ε.

415 2261 494 2309 fibi
515 2276 716 2324 regnum
744 2259 887 2306 exulis
913 2258 1144 2321 ustirpare.
1318 2286 1335 2294 -
1509 2256 1584 2302 fi'oi
1601 2271 1797 2320 regnum
1819 2257 2050 2320 usurpare.

415 2335 639 2393 protegas
664 2342 769 2382 me,
785 2325 1097 2374 &abscondas
1111 2339 1187 2372 me
1203 2356 1216 2382 ,
1232 2325 1388 2371 donec
1437 2346 1454 2356 -
1501 2331 1725 2388 protegas
1751 2338 1853 2379 me,
1876 2325 2049 2370 donec.
2105 2334 2113 2336 *

419 2393 560 2442 beato
590 2401 922 2459 praevenerunt
944 2394 1104 2440 aborsu
1505 2394 1634 2438 bono
1657 2399 1987 2455 praevenerunt
2014 2389 2191 2437 aborsu.

416 2472 469 2509 ut
499 2464 697 2510 exeratis
722 2463 767 2509 in
790 2458 1275 2525 maleficos-gladium
1379 2488 1397 2498 ·
1499 2468 1552 2506 ut
1570 2459 1828 2507 exerceatis
1844 2460 1890 2505 in
1910 2454 2412 2520 maleficos-gladium.

278 2586 281 2588 ¹
404 2530 579 2576 Nonne
595 2530 723 2576 Deus
737 2529 951 2575 Deorum
970 2527 1156 2576 locutus
1180 2527 1245 2574 est
1383 2556 1400 2565 -
1486 2528 1663 2575 Nonne
1677 2527 1803 2572 Deus
1816 2526 2029 2572 Deorum
2056 2525 2276 2572 dominus
2318 2524 2444 2572 locu-

217 2589 306 2646 :Q
857 2584 873 2602 ⁶
1096 2600 1103 2610 '
1606 2602 1679 2639 tus
1711 2592 1790 2640 est.

329 2677 336 2686 ·
407 2661 655 2708 crudeliter
675 2661 817 2709 filium
842 2676 1003 2708 meum
1028 2661 1206 2709 solvere
1229 2661 1422 2709 differtis
1494 2660 1746 2708 crudeliter
1777 2658 1959 2707 solvere
1984 2655 2212 2714 differtis.v

339 2777 342 2780 ,
407 2729 456 2775 in
477 2728 653 2774 summa
676 2727 959 2776 districtione
983 2730 1213 2777 retribuet
1344 2759 1361 2768 -
1499 2729 1545 2774 in
1573 2728 1748 2775 summa
1782 2725 2108 2774 distributione
2132 2722 2374 2777 retribuet.

408 2793 689 2842 Ostuensem
713 2795 995 2859 Episcopum
1222 2826 1240 2834 -
1494 2795 1834 2842 Osmenenfem
1856 2793 2139 2857 Episcopum
2302 2800 2310 2806 “

406 2860 618 2910 coarctat
640 2862 816 2908 miseria
838 2862 1058 2910 carcerali
1278 2893 1295 2902 -
1486 2861 1699 2909 coar&at
1716 2862 1897 2909 miseria
1919 2859 2178 2908 carceralis·

405 2930 539 2989 Unus
563 2944 672 2976 eum
695 2935 888 2991 torquet
912 2930 959 2975 in
972 2930 1171 2978 vinculis
1343 2954 1361 2963 -
1497 2929 1626 2976 Unus
1649 2945 1816 2976 eorum
1843 2933 2100 2991 torquetur,
2123 2927 2172 2975 in
2194 2927 2408 2979 vinculis-⁴
2469 2919 2471 2976 l

402 2999 530 3064 unde
556 2996 883 3052 tondet‚alter
903 2996 1078 3059 expilat
1299 3024 1319 3036 -
1504 2998 1701 3059 Dqsam.
2419 3037 2425 3041 .
2468 2999 2471 3026 ἕ

403 3065 538 3113 Initia
561 3063 794 3112 malorum
825 3063 927 3110 sunt
947 3063 1047 3108 haec
1063 3076 1076 3103 τ
1276 3095 1293 3101 -
1495 3065 1651 3127 jurgia
1675 3062 1906 3109 malorum
1932 3061 2036 3110 sunt
2069 3061 2183 3111 haec.
2466 3061 2469 3112 l

2279 3171 2282 3174 ,
2351 3125 2467 3190 Ερ.”
