2471 3463
133 210 177 247 2.
197 194 318 261 Cap.
330 191 509 257 fiebenbe
521 189 738 256 Qevlasse.

80 276 218 290 μ

136 580 148 585 ‘
238 574 331 622 Rei
353 575 603 622 veritatem
638 594 656 602 -

71 642 155 707 Ep.
164 641 422 690 LXXXV.
435 636 1049 688 correffionis-beneficium
1061 666 1078 675 -
1090 636 1169 684 ad·
1234 658 1257 669 ·

517 299 632 348 Bibl.
647 299 770 348 Patr.
789 299 944 366 Lugd.

206 393 210 396 ’
239 368 447 441 quietem
467 367 758 417 monasteriis
786 397 804 407 -
831 398 850 407 -
879 366 1237 417 Ecclefiisliber-

1197 447 1212 467 O

237 448 598 561 velitggitgater,
617 503 664 550 in
677 501 793 551 libra
815 503 1045 568 aequitatis

690 600 707 608 -
731 568 1004 627 spnfflffime
1035 569 1189 618 Pater.

321 707 456 757 milit.

243 774 291 824 ὅ(
318 775 418 840 plus
442 772 614 839 spiritui
639 770 893 824 deservires

240 844 516 891 Dummodo
540 838 738 886 aedifices
757 846 978 886 ventrem
1003 844 1139 887 tuum

242 910 436 959 carnalis
457 907 535 957 ista
558 904 780 970 gulofitas

241 976 585 1044 proscriptione
609 973 847 1020 bonorum

243 1060 357 1109 quas
378 1043 484 1091 alibi
505 1038 633 1089 Gato
657 1040 910 1090 Censorius

242 1126 365 1177 pane
387 1110 512 1159 vesci
535 1107 690 1156 solitus
710 1116 810 1156 erat

241 1177 513 1244 pisciculos,
551 1175 828 1240 caseumque

241 1247 559 1294 vehementer
584 1246 858 1307 appetebat.

243 1313 445 1379 quorum
457 1311 687 1376 cogitatio
706 1318 810 1359 tota
828 1312 888 1360 de
899 1317 1066 1360 ventre

242 1384 415 1431 veteris
438 1378 626 1427 ramalia
648 1379 742 1442 fagi

247 1442 362 1496 Illud
384 1461 578 1511 quoque
600 1447 658 1492 ad
691 1444 930 1493 cumulum

248 1516 326 1563 sed
348 1516 510 1560 animae
538 1513 733 1560 servitus

247 1583 298 1631 ἀ
316 1583 507 1629 Hieron.
529 1578 755 1627 testantur
775 1611 789 1635 ,
828 1577 929 1642 plus
943 1576 1007 1627 est
1026 1579 1183 1627 anima

247 1645 595 1697 necessitatibus
619 1646 925 1711 impendebat

247 1715 415 1764 moesta
430 1746 443 1767 ,
458 1713 654 1762 honesta
678 1714 726 1762 ὅ(
750 1713 899 1760 sobria

76 1782 449 1851 Ep.LXXXV1.
469 1796 563 1845 ego
589 1779 711 1843 quali
737 1777 941 1825 mustum
992 1788 995 1792 ’

213 1865 215 1868 ·
246 1848 398 1898 fodisti
423 1849 508 1896 tibi
530 1845 775 1895 cisternam
801 1840 1064 1909 diffipatam

248 1932 357 1965 cum
383 1915 602 1980 scriptum
627 1913 704 1961 sit:
725 1944 743 1951 -
774 1944 792 1951 -
829 1913 962 1976 super
985 1912 1150 1977 spinas.

221 1984 389 2042 (Unde
410 1991 539 2030 tuam
564 1982 614 2031 δε
633 1980 941 2029 confimilium
967 1982 1112 2027 vitam

251 2118 520 2167 reverentia
532 2116 836 2165 Sacramenti.
878 2115 1137 2166 Peccamus

255 2451 488 2500 creditum
517 2447 583 2497 est
604 2450 783 2498 mundo

256 2517 455 2567 scandali
475 2516 703 2582 generalis
737 2516 922 2565 occasio

255 2587 614 2650 domum-quam
633 2585 897 2649 relinquere
929 2583 1156 2632 desideras

251 2718 515 2784 concepisti
541 2718 773 2776 dolorem,
788 2719 835 2769 &
858 2717 1077 2786 peperisti
1096 2719 1181 2769 ini-

339 2790 584 2852 quitatem.
654 2799 658 2800 ⁷

250 2857 416 2920 >rugiet
437 2868 645 2923 onager,
663 2868 775 2902 cum
797 2859 908 2902 ante
932 2851 1127 2920 plenum

260 2989 494 3057 discipline
512 2991 679 3056 vigor,
693 2967 829 3040 amor
851 2989 1150 3040 obedientiae*
1236 3012 1257 3028 .

85 3139 89 3143 ·
159 3121 191 3170 1·
202 3120 382 3190 theiis
408 3133 506 3188 3ter
516 3125 703 3197 bano.

1254 2613 1273 2622 -
1343 2586 1541 2633 domum
1577 2607 1595 2617 ·

255 2652 612 2701 sollicitudinem
639 2650 870 2699 solitudini
901 2650 1184 2718 praetulisses.
1254 2681 1272 2689 -

986 198 1092 245 von
1105 190 1172 239 St.
1184 187 1314 238 Petri
1326 186 1534 247 ᾈίιτῐκ,
2171 186 2272 251 465
2289 210 2293 212 ,

1544 285 1667 346 MSt.
1679 298 1855 347 Petrin.
1885 297 2059 346 Hamb.

1273 390 1292 401 -
1324 366 1534 432 quietem
1555 364 1744 430 populis
1777 393 1797 404 -
1856 393 1876 405 -
1907 361 2277 429 monasteriis-lif

1389 435 1624 481 bertatem

1327 499 1481 550 velitis
1494 532 1509 557 ,
1523 500 1571 546 in
1582 497 1699 547 libra
1719 499 1949 565 aequitatis

1328 567 1405 616 De
1426 577 1528 613 unt.

1324 630 1894 749 Epsstiffikicorrefflonis
1920 656 1936 666 -
1967 633 2271 728 beneficium}

1330 768 1378 818 ὅ(
1404 768 1506 833 plus
1533 767 1708 832 spiritui
1729 766 1938 816 serviret.

1234 862 1253 873 -
1323 837 1603 884 Dummodo
1625 833 1827 883 aedifices
1852 840 2086 890 ventrem.

1325 903 1520 953 carnalis
1538 902 1621 951 ista
1641 901 1899 950 curiositas.

1328 971 1679 1037 praescriptiqne
1700 971 1955 1019 bonorum.

1334 1054 1449 1105 quas
1471 1037 1550 1088 vel
1573 1037 1702 1086 Cato
1736 1037 1994 1086 Censorius

1330 1122 1454 1173 pane
1477 1106 1600 1155 vesci
1633 1104 1852 1172 sollicitus
1874 1112 1976 1153 erat

1331 1173 1529 1240 pisculos
1555 1173 1859 1224 vescebatur,
1882 1172 2176 1237 caseumque.

1330 1242 1669 1304 vehementius
1693 1241 1971 1306 appetebat.

1248 1334 1267 1345 -
1333 1325 1537 1375 quorum
1560 1309 1791 1373 cogitatio
1816 1309 1875 1355 de
1894 1313 2081 1359 ventre.

1334 1372 1506 1424 mentis
1531 1375 1721 1423 ramalia
1752 1375 1862 1440 fagi.

1338 1443 1452 1491 Illud
1479 1446 1536 1491 ad
1559 1441 1815 1490 cumulum.

1338 1511 1387 1560 <Sc
1408 1511 1575 1558 animae
1600 1510 1793 1558 servitus

1247 1599 1267 1611 ·
1294 1615 1298 1619 ,
1335 1578 1385 1627 ὅ(
1400 1579 1602 1626 Hieron.
1618 1578 1748 1642 quod
1760 1575 1862 1641 plus
1878 1574 1930 1622 fit
1940 1573 2110 1621 anima.

1339 1644 1688 1694 neceffitatibus
1722 1642 2014 1709 exponebat.

1338 1711 1551 1760 modesta
1564 1741 1579 1765 ‚
1592 1709 1791 1759 honesta
1811 1710 1861 1759 &
1874 1708 2037 1757 sobria.

1333 1778 1539 1844 Ep.XL.
1560 1793 1676 1843 ergo
1700 1777 1825 1843 quasi
1847 1774 2053 1824 mustum

1234 1850 1255 1878 ⁴
1334 1845 1491 1894 fodisti
1521 1847 1607 1894 tibi
1629 1844 1875 1893 cisternam
1898 1850 2133 1892 veterem.
2217 1843 2226 1849 “’

1248 1941 1264 1954 -
1338 1909 1537 1977 Βεζβιηΐ.

1247 2010 1267 2019 -
1336 1981 1475 2029 Unde
1501 1988 1631 2028 tuam
1653 1978 1802 2027 vitam
1816 1978 1864 2029 ὅ(
1877 1975 2120 2027 confilium
2134 1980 2287 2024 tuum.

250 2049 490 2099 delicatius
519 2047 895 2113 &indulgentius
914 2046 1190 2113 ministrabit
1257 2074 1276 2083 -

1251 2141 1271 2152 -
1335 2116 1604 2165 reverentia
1617 2113 1925 2162 Sacramenti.
1942 2111 2081 2160 Unde
2095 2110 2289 2175 quidam

1342 2045 1586 2097 delicatius
1625 2046 1676 2096 ὃ(
1699 2046 1966 2111 diligentius
1999 2041 2291 2092 ministrabit.

1397 2182 1578 2248 sapiens
1624 2183 1816 2230 beatum
1844 2186 2037 2244 reputat
2073 2176 2287 2224 sacerdo-

1402 2257 1520 2306 tem,
1537 2250 1616 2314 qui
1637 2249 1685 2296 in
1711 2249 1809 2297 vita
1833 2248 1908 2295 sua
1925 2242 2110 2292 missam
2141 2258 2288 2291 unam

1398 2317 1542 2381 digne
1575 2314 1814 2363 celebrare
1839 2311 2123 2379 promeruit.
2170 2309 2288 2358 Pec-

1411 2398 1589 2431 camUSo
2086 2400 2089 2402 ’

1342 2449 1606 2499 revelatum
1626 2448 1828 2497 mundo.-

1340 2516 1538 2565 scandali
1562 2517 1830 2565 communis
1853 2513 2056 2567 occasio.

1629 2599 1772 2649 quam
1785 2583 1955 2631 deseris
1969 2616 1984 2640 ,
1998 2582 2029 2629 si
2042 2578 2288 2628 desideras·

1343 2651 1639 2700 solitudinem
1685 2650 1979 2699 sollicitudini
2008 2645 2292 2714 praetuliffes.

1260 2743 1280 2754 u
1347 2718 1608 2785 concepisti
1630 2719 1892 2785 superbiam
1905 2718 1954 2768 ὅ(
1971 2712 2289 2782 iniquitatem.

1258 2839 1284 2892 {-
1348 2854 1506 2920 rugiet
1519 2867 1717 2917 onager,
1728 2867 1838 2901 cum
1850 2851 2065 2901 habuerit
2076 2846 2296 2905 herbam‚'

1415 2929 1497 2970 aut
1515 2922 1699 2986 mugiet
1716 2922 1800 2969 bos
1815 2953 1828 2977 ,
1841 2935 1950 2969 cum
1966 2927 2077 2967 ante
2098 2916 2294 2982 plenum

1346 2988 1601 3106 disgiglffi}
1616 2990 1754 3055 ¹vigor
1766 2986 1852 3039 vel·
1865 2987 2020 3056 rigor,
2035 2990 2167 3036 amor
2181 2983 2294 3031 obe-

1602 3088 1617 3108 0

1403 3120 1460 3180 ΞΠ
1475 3135 1501 3178 η
1518 3134 1550 3179 η
1881 3111 1888 3113 ξ
2183 3112 2297 3183 psa13
