2471 3463
0 0 26 28 Ψ

0 20 25 109 '3

18 220 24 313 ξ’
84 253 142 289 ¹2.
160 224 711 299 Cap.fiebenbe>23evra9e.-
948 233 1055 280 non
1068 224 1134 275 St.
1146 223 1275 274 Petri
1287 224 1494 287 zzt‘rcbe.
1518 247 1521 248 ⁷
2123 241 2221 289 215

0 340 35 416 ξ’
58 369 233 415 'ccum
251 366 360 426 offla,
393 362 506 425 dum
529 361 588 407 ad
613 372 768 406 arcam
788 359 984 407 Domini
1005 373 1196 406 manum
1219 359 1517 409 temerariam
1537 359 1786 423 porrigunt
1808 393 1822 417 ,
1857 361 1980 424 ipsos
2003 359 2060 406 ad
2079 369 2212 404 reve-

0 440 9 484 i
45 422 229 484 &stiam-
245 427 450 487 ecclefiae
473 424 822 477 &Officialium
837 424 1013 484 Christi
1029 458 1031 461 .
1046 425 1315 473 salutaribus
1335 427 1528 474 monitis
1549 425 1824 473 informare.
1896 429 2019 474 Nam
2043 423 2212 472 cumin

23 514 194 556 mnu-m
212 495 579 546 familiaritatem
604 508 687 540 eos
712 492 985 557 receperitis
1008 523 1023 547 ‚
1056 491 1105 540 ὅ(
1128 493 1535 556 participationem
1560 491 1730 538 mensae
1752 491 1913 539 vestrae
1937 526 1951 549 ,
1979 507 2088 547 non
2107 487 2211 536 estis

24 555 476 622 {bitinoimmunes
500 561 527 607 a
548 558 686 624 culpa
709 593 724 617 ,
761 559 791 606 si
811 556 1149 620 commensales
1170 557 1349 606 vestros
1372 559 1641 623 permittitis
1662 556 1824 622 paffim
1858 561 2028 621 garrire
2051 561 2099 606 in
2121 555 2213 603 cle-

25 615 167 689 τίξοε,
196 631 254 680 ’ἀ
274 631 322 683 in
347 627 591 677 ecclesiam
613 626 894 690 protervire.
963 624 1149 672 Verum
1167 623 1256 680 est,
1295 625 1600 689 quod-nepos
1623 622 1776 673 vester
1802 625 1849 671 B.
1873 626 1921 671 in
1942 626 2137 673 brachio
2163 622 2214 671 ὃ(

7 677 296 747 fortitudine
314 696 556 750 Advocati
576 692 776 740 Bethiniae
795 692 1082 756 quandoque
1105 690 1154 739 &
1179 690 1371 749 forsitan
1394 690 1536 740 semel
1559 724 1574 748 ,
1607 690 1837 739 solemnes
1857 691 2027 739 militiae
2048 687 2211 738 titulos

5 744 255 828 ›quifivit
278 796 294 821 ,
339 763 418 811 sed
440 777 540 809 non
562 766 761 825 propter
780 759 878 805 hoc
899 755 1116 805 adversus
1137 755 1387 822 Ecclesiam
1416 757 1653 822 superbire
1678 792 1693 816 ‚
1744 762 1945 807 ventum
1982 758 2214 804 debuerat

14 829 299 895 concepisse.
366 828 498 882 Nihil
520 827 585 874 est
607 826 732 873 enim
746 826 875 889 quod
898 822 1131 887 majorem
1153 824 1337 871 minuat
1357 823 1502 872 laudis
1525 833 1734 889 partem,
1771 841 1910 890 quam
1925 825 2027 872 suos
2045 821 2214 872 affidue

14 895 229 954 iaffitare
250 894 501 950 successus,
535 893 584 942 ὅ(
607 890 790 956 singulis
811 892 977 940 diebus
1002 892 1115 940 anni
1134 892 1344 939 vendere
1369 892 1495 938 diem
1519 907 1682 941 unum.
1753 892 1949 956 Legitur
1968 893 2026 938 de
2050 897 2214 942 Marco,

25 991 28 994 -
48 965 147 1018 uod
170 979 278 1011 cum
300 962 498 1028 plurima
517 956 699 1006 fecisset
722 958 946 1023 egregie,
983 973 1078 1005 una
1113 958 1176 1007 sui
1205 956 1504 1021 jaffitatione
1537 960 1736 1024 gloriam
1762 960 1900 1007 famae
1932 956 2214 1024 perdiderit,

10 1024 18 1059 '³
88 1032 197 1094 quia
219 1030 296 1077 sibi
317 1025 565 1093 praesumfit
586 1023 856 1081 asscribere,
893 1026 1026 1089 quod
1047 1039 1107 1072 ex
1129 1040 1212 1072 ore
1231 1024 1387 1073 alieno
1411 1034 1603 1091 captare
1621 1029 1864 1083 debuerat,
1878 1025 2076 1091 publicae
2087 1037 2216 1081 com-

14 1096 329 1161 nendationis
356 1101 473 1142 vota
492 1092 742 1140 demeruit.
832 1091 898 1139 Ut
930 1094 989 1140 ad
1013 1091 1267 1140 domestica
1283 1090 1522 1156 ja&antiae
1545 1094 1595 1148 ὅ(
1628 1093 1952 1142 ostentationis
1975 1095 2215 1141 veniamus

12 1161 276 1228 exempla*
313 1161 419 1219 Rex
437 1159 654 1219 Ezechias,
688 1173 832 1223 quem
854 1159 1088 1206 Dominus
1113 1160 1163 1207 in
1185 1161 1352 1207 umbra
1373 1160 1644 1225 horologii,
1681 1162 1730 1208 in
1753 1160 2049 1226 appofitione
2071 1174 2215 1207 anno-

11 1235 121 1297 {um
147 1261 164 1286 ‚
205 1227 254 1277 ἀ
274 1229 323 1275 in
346 1227 458 1291 fuga
475 1226 754 1275 Sennacherib
771 1259 788 1284 ‚
825 1241 920 1291 prae
943 1226 1166 1275 universis
1190 1227 1395 1291 Regibus
1418 1228 1741 1278 honoraverat
1760 1262 1774 1285 ,
1809 1231 1915 1292 quia
1937 1228 2109 1275 nuntiis
2136 1231 2218 1271 Ba-

11 1289 171 1349 ἒαᾱοφ
191 1294 270 1354 filii
293 1295 502 1341 Baladam
524 1295 671 1359 Regis
694 1293 912 1355 Babylonia
933 1295 1178 1359 pigmenta
1193 1327 1208 1351 ,
1233 1302 1475 1357 unguenta
1499 1311 1690 1360 quoque
1709 1296 1964 1344 &domum
1982 1295 2216 1347 vasorum,

13 1361 246 1428 :eliasque
271 1368 567 1418 aromatum,
604 1363 653 1411 ὃς
679 1376 853 1415 omne,
887 1362 1015 1424 quod
1040 1368 1140 1408 erat
1161 1362 1210 1408 in
1234 1362 1456 1409 thesauris
1480 1364 1563 1409 suis
1578 1396 1590 1419 ,
1627 1363 1686 1408 ad
1706 1361 2072 1410 ostentationem
2095 1358 2217 1423 &ja-

14 1428 239 1484 stantiam
258 1426 626 1484 demonstravit,
661 1425 795 1490 juxta
812 1429 1015 1475 verbum
1035 1428 1155 1486 rfaiae
1175 1426 1253 1475 filii
1274 1435 1431 1485 Amos,
1465 1429 1667 1476 thesauri
1689 1427 1787 1491 ejus
1802 1427 2006 1477 ablati&
2026 1427 2218 1475 transla-

16 1491 182 1557 tijsunt
202 1496 252 1542 in
274 1494 521 1555 Babylonem
543 1522 558 1546 ‚
597 1492 677 1542 filii
695 1491 796 1556 ejus
819 1494 1046 1558 captivati
1069 1527 1084 1551 ‚
1131 1494 1179 1543 &
1200 1495 1246 1542 in
1271 1494 1446 1559 palatio
1471 1495 1615 1560 Regis
1639 1497 1855 1552 Babylonis
1875 1493 1983 1542 faeti
2006 1493 2108 1542 sunt
2127 1495 2216 1541 Eu-

28 1561 176 1616 mebi.
261 1559 457 1625 Triplex
492 1561 636 1607 etiam
669 1559 905 1624 oppositio
927 1561 1096 1618 divinae
1130 1562 1540 1610 animadversionis
1578 1562 1817 1627 proposita
1841 1561 1906 1609 est
1930 1562 2116 1614 David,
2152 1576 2214 1609 eo

28 1629 144 1692 Juod
163 1626 222 1674 ad
236 1623 513 1691 ja&antiam
533 1627 624 1673 Dei
645 1626 879 1690 populum
902 1628 1239 1676 numeraverit.
1339 1629 1560 1677 Similiter
1602 1629 1971 1691 Nabugodonozor
1998 1658 2013 1682 ,
2066 1627 2215 1692 quise

27 1691 336 1758 nagnificavit
357 1695 405 1742 in
426 1693 705 1748 fortitudine
728 1693 999 1758 decoreque
1021 1694 1070 1744 &
1093 1694 1242 1757 gloria
1263 1697 1398 1758 regni
1426 1695 1513 1752 sui,
1547 1695 1816 1745 humiliatus
1839 1695 1905 1743 est
1926 1703 1980 1743 ut
1998 1696 2217 1751 brutum,

28 1768 314 1825 :omparatus
333 1759 399 1817 est
421 1758 646 1822 jumentis
668 1758 992 1823 insipientibus
1016 1761 1064 1809 ὅ(
1084 1760 1235 1807 similis
1257 1760 1322 1809 est
1344 1761 1442 1809 illis.
1548 1763 1739 1810 Utinam
1773 1779 1872 1811 non
1900 1763 2217 1811 intumescant

23 1894 210 1957 gratiam
227 1894 319 1942 Dei
343 1900 423 1941 aut
435 1891 540 1958 post
550 1892 751 1941 vestram
762 1894 820 1940 de
835 1893 1032 1958 pulvere
1051 1902 1381 1959 paupertatem
1401 1896 1449 1944 ὅ(
1471 1896 1530 1943 de
1551 1895 1758 1945 stercore
1781 1897 1882 1946 sunt
1902 1895 2072 1954 ereffi,
2105 1911 2216 1960 qua-

22 1974 149 2075 teonus
176 1962 220 2075 {i
243 1993 258 2018 ‚
289 1962 377 2078 tqui
398 1960 575 2043 exaltat
602 1961 653 2010 ὅ(
670 1960 887 2009 humiliat
906 1994 921 2019 ,
969 1961 1185 2010 indivinae
1208 1963 1368 2026 gratiae
1391 1962 1736 2048 munificentias
1768 1964 1858 2012 sese
1881 1965 2126 2030 pulverem
2145 1977 2216 2011 re·
2274 1960 2276 1963 ’

27 2041 43 2074 2
78 2042 176 2092 gno
197 2042 287 2077 can
311 2064 323 2076 .
1098 2059 1101 2060 ⁷

244 2225 248 2228 ⁴
303 2147 394 2213 11.
447 2146 545 2235 (al.
562 2149 704 2236 125.)
722 2105 969 2238 Contra
1011 2143 1293 2216 Clericos
1317 2134 1626 2240 voluptati
1658 2148 1917 2219 deditos,

100 2270 150 2319 'ui
166 2271 314 2320 habet
333 2288 466 2321 aures
492 2276 713 2324 audiendi
735 2277 918 2324 audiat!
952 2275 1032 2326 su'b
1052 2283 1227 2341 quanta
1248 2279 1376 2327 mole
1399 2280 1664 2328 Criminum
1678 2281 1845 2328 Clerus
1857 2280 2040 2328 laborat
2051 2280 2214 2339 hodie,

130 2341 244 2386 dum
272 2339 319 2405 in
332 2340 523 2389 Christo
554 2359 654 2390 non
664 2342 769 2402 vult
791 2340 977 2406 placare
998 2345 1259 2392 Dominum
1285 2361 1370 2410 per
1394 2344 1569 2394 fruetus
1593 2347 1885 2411 poenitentiae
1908 2380 1922 2405 ,
1960 2346 2038 2395 sed
2058 2345 2216 2401 differt

50 2410 51 2415 ’
87 2404 324 2462 induciat,
370 2408 575 2472 salsoque
610 2409 689 2456 fibi
723 2409 922 2457 somniat
944 2404 991 2457 ih
1013 2411 1115 2458 casu
1135 2413 1283 2459 dubiae
1306 2413 1436 2459 sortis
1468 2412 1664 2476 longum
1704 2408 1898 2461 vivendi
1930 2408 2213 2472 terminum,

25 2471 343 2519 omnimodam
367 2473 613 2527 mollitiem
637 2476 887 2539 sordesque
910 2478 1017 2524 vitae
1040 2478 1186 2525 varias
1215 2510 1229 2533 ,
1272 2477 1385 2525 nulli
1409 2476 1622 2525 differtur
1650 2480 1801 2527 ordini
1829 2513 1845 2538 ‚
1894 2481 2143 2528 trahuntur
2165 2481 2216 2527 in

25 2536 268 2605 pernitiem
291 2553 377 2601 per
400 2549 559 2601 partes
584 2543 849 2590 inimicitias
882 2542 1178 2589 ecclesiarum
1222 2545 1427 2592 termini.
1518 2547 1653 2603 Non,
1679 2547 1826 2608 habet
1865 2549 1973 2595 arca
2004 2549 2216 2612 requiem

58 2602 209 2668 ,kalchua
226 2606 281 2651 in
304 2605 458 2665 christi
476 2607 675 2665 faciem,
713 2610 840 2672 Jafon
861 2610 908 2656 in
931 2608 1249 2668 vasa'Domini
1270 2626 1433 2657 manus
1458 2613 1827 2678 extend'itigipsus.
1899 2615 2216 2662 Irreverenter

25 2667 455 2720 confluunt‘omnes
477 2676 536 2722 ad
557 2675 735 2722 sacrum
756 2677 973 2722 ordinem
994 2709 1008 2732 ,
1059 2675 1134 2722 sed
1167 2677 1414 2725 hominem
1438 2686 1653 2737 veterem
1682 2696 1782 2728 non
1806 2689 1987 2728 exuunt
2006 2696 2097 2729 nec
2123 2681 2215 2728 sor-

22 2735 429 2805 diditatis-diluunt
451 2741 653 2806 antiquae
677 2742 1035 2806 turpitudinem.
1069 2743 1134 2789 Hi
1154 2742 1309 2807 calicis
1332 2741 1628 2793 dulcedinem
1650 2750 1764 2796 dant
1780 2750 1830 2796 in
1854 2748 2214 2795 amaritudinem

22 2801 70 2850 δε
86 2803 137 2849 in
161 2818 402 2853 venenum
414 2807 576 2872 aspidis
596 2842 611 2865 ,
648 2808 945 2874 JESUMQV
947 2810 983 2856 E
1005 2824 1228 2872 magnum
1251 2810 1440 2873 sordidis
1462 2811 1753 2862 vestimentis
1776 2815 1975 2862 induunt
2001 2847 2015 2870 ‚
2047 2814 2097 2863 &
2119 2814 2212 2861 san-

24 2875 210 2930 gumem
230 2871 452 2932 polluunt
471 2873 754 2924 testamenti.
826 2874 1128 2939 Singultuofis
1153 2878 1343 2925 vocibus
1364 2879 1561 2926 verbum
1587 2880 1738 2928 salutis
1761 2882 2041 2945 praedicant,
2074 2881 2213 2929 &ex-

23 2932 197 3004 plicant
218 2938 410 2986 monitis
435 2939 705 2990 salutaribus
726 2975 740 2999 ‚
777 2943 888 3006 quid
909 2944 1143 3005 agendum
1170 2942 1222 2989 fit
1243 2945 1458 2993 omnibus
1479 2980 1494 3002 a
1527 2946 1604 2994 sed
1627 2949 1736 3004 Esau
1755 2948 1858 2995 sunt
1879 2949 2091 2996 manibus
2114 2982 2129 3005 ‚
2162 2949 2211 2998 <Sc

24 3012 146 3073 voce
168 3003 298 3059 Jacob
319 3004 530 3055 indicant
548 3040 563 3064 ‚
601 3004 679 3073 qui
705 3011 818 3056 dum
839 3006 1002 3073 paffim
1026 3009 1269 3074 implicant
1285 3007 1520 3075 flagitiosis
1548 3012 1728 3062 affitibus
1750 3014 1800 3063 ὅ(
1824 3014 2049 3078 exemplis
2072 3031 2209 3062 enor-

0 3052 176 3151 llmibus
197 3071 373 3120 animas
396 3073 698 3134 mortificant.
768 3075 1004 3125 Aedificas
1023 3079 1120 3126 Sion
1142 3077 1189 3126 in
1211 3077 1506 3143 sanguinibus
1520 3111 1535 3139 ‚
1568 3083 1649 3144 qui
1671 3096 1760 3146 pro
1780 3081 1914 3130 laude
1937 3083 2081 3131 verba
2100 3095 2210 3129 ven-

16 3154 17 3159 ,
2113 3147 2210 3204 dis,

16 3226 79 3257 ιι»,

15 3345 19 3430 3

12 3432 102 3463 ,1,

27 1827 235 1878 idversuss
249 1825 487 1874 Christum
511 1826 560 1876 ὅς
582 1825 796 1874 Christos
819 1823 945 1889 ejus,
982 1826 1060 1874 sed
1082 1827 1322 1875 humiliter
1342 1829 1579 1877 &devote
1601 1829 1843 1887 recolant,
1882 1829 2078 1894 qualiter
2090 1828 2212 1891 [per]
2299 1830 2301 1833 ⁴
