2471 3463
116 251 117 255 *
194 193 296 264 474
884 179 1159 237 Urssunbm
1189 183 1296 237 ιιηδ
1310 181 1663 242 ἰῖαὼτέὼεεη
1914 193 1916 196 “
2103 194 2106 197 ⁴
2147 166 2387 247 {period

646 293 755 343 Bibl.
780 294 904 341 Patr.
930 292 1084 354 Lugd·
1213 306 1215 311 ·
1278 337 1285 341 ,
1644 307 1648 309 ’
1758 295 1880 342 MSt.
1905 296 2028 342 Petr
2041 297 2215 346 Hamb.

199 367 284 431 Ep.
299 364 418 412 CIII.
445 361 493 412 ὅ(
515 360 572 410 fic
586 362 887 410 decrescebat
908 359 1149 426 prolixitas
1351 384 1370 392 —
1463 358 1695 472 Ep.(131V.
1721 360 1768 410 ὅ(
1783 361 1840 409 fic
1855 362 2156 412 decrescebat
2180 367 2296 416 mihi
2309 385 2412 433 pro-

1603 427 1755 475 ixitas.

301 565 344 615 C
369 497 569 562 primam
589 496 760 546 faciem
781 496 986 561 legendo
1008 491 1273 543 transieritis
1344 517 1359 532 -
1450 494 1664 622 Erimffam
1685 501 1872 559 partem
1893 478 2099 560 legendo
2130 499 2267 548 trans
2272 502 2411 551 eritis

199 568 236 616 E
273 600 284 615 .
349 566 432 614 IV.
608 594 626 606 -
1078 586 1096 595 -
1504 576 1552 606 ee

199 583 285 701 Eg.
308 634 418 684 CV.
443 632 781 685 visitationibus
805 632 957 680 minus
981 629 1202 696 frequens
1337 659 1356 666 -
1460 628 1546 693 Ep.
1562 628 1732 678 LXIII.
1773 628 2110 681 visitationibus
2153 632 2291 683 nimis
2323 637 2409 685 tre-

1540 710 1707 759 quenS.

364 770 566 843 praesens
587 776 750 817 tamen
768 767 925 832 spiritu
946 780 1034 816 vos
1254 794 1273 802 -
1454 770 1615 811 tamen
1641 765 1797 827 {piritu
1822 779 1911 813 vos

369 838 547 902 potens
571 835 636 883 est
657 837 881 884 exhibere
906 833 1178 881 uberiorem
1315 854 1336 866 -
1452 838 1627 895 potens
1651 830 1715 878 est
1729 833 1848 879 dare
1872 833 2156 881 uberiorem.

371 905 590 952 fratribus
611 903 846 950 Fontanis
855 900 969 948 illius
996 901 1284 948 inebriemur
1381 927 1400 937 -
1466 898 1683 946 fratribus
1717 901 1776 946 de
1802 900 2029 948 Fontana.
2034 899 2150 948 illius
2172 906 2410 965 potemur.

196 973 278 1037 Ep.
299 971 427 1021 CVI.
461 970 818 1032 &septuaginta
843 966 985 1015 millia
1191 991 1211 1003 -
1464 965 1550 1030 Ep.
1564 964 1714 1015 CVII.
1739 966 1788 1015 &
1821 965 2094 1032 octuaginta
2118 967 2275 1018 millia.

189 1067 195 1072 -
364 1037 541 1086 merito
566 1035 789 1086 &officio
813 1032 1184 1099 praeeminebant
1320 1057 1337 1065 -
1468 1032 1518 1081 ὃ(
1542 1034 1715 1081 merito
1748 1033 1797 1083 ὅ(
1831 1032 1990 1081 officio
2024 1036 2407 1099 praeeminebant.

365 1104 474 1154 Heli
496 1120 583 1168 pro
609 1111 811 1168 peccato
832 1100 1033 1148 filiorum
1058 1098 1163 1146 sella
1188 1100 1348 1149 eversa
1402 1098 1670 1164 -Helipro
1686 1109 1888 1164 peccato
1899 1099 2098 1149 filiorum
2114 1102 2216 1150 sella
2230 1109 2445 1157 corruit

366 1173 607 1236 Respiciat
627 1172 858 1218 Dominus
883 1169 927 1214 in
950 1167 1123 1215 faciem
1296 1194 1312 1205 -
1460 1166 1696 1229 Respiciat
1720 1176 1879 1215 autem
1894 1168 2161 1216 Dominus
2150 1186 2197 1217 1n
2217 1170 2404 1223 faciem.

366 1239 565 1290 viffioria
587 1253 687 1302 quae
705 1237 855 1286 vincit
877 1237 1108 1282 mundum
1360 1261 1379 1271 -
1448 1231 1643 1281 vl&oria
1659 1247 1757 1296 quae
1772 1234 1958 1281 videtur
1972 1235 2164 1288 vincere
2177 1241 2407 1292 mundum
2470 1241 2471 1247 ’

366 1309 445 1371 qui
468 1306 756 1370 blasphemat
783 1302 989 1351 sanctum
1013 1300 1145 1348 Israel
1347 1324 1364 1334 -
1457 1302 1535 1363 qui
1559 1298 1851 1364 blasphemat
1875 1300 2007 1349 Israel

364 1373 685 1437 Holofernem
709 1372 850 1421 vidua
1457 1366 1778 1417 Holofernem
1800 1367 1977 1432 judith.

363 1443 489 1490 Bene
513 1439 620 1489 vale
871 1466 891 1477 -
1186 1459 1205 1470 ·-
1458 1430 1609 1496 Deest.
1749 1465 1751 1467 -

191 1510 279 1575 Ep
291 1508 443 1559 CVII.
475 1510 618 1557 Nunc
650 1514 809 1555 autem
842 1529 860 1538 -
897 1504 1181 1570 ·peccandi
1365 1528 1385 1543 -
1457 1504 1539 1567 Ep
1556 1502 1726 1551 CVIII.
1763 1499 1960 1567 Dcfimt.

365 1577 449 1626 &¹
440 1593 487 1625 in
512 1576 696 1632 caudis
711 1574 859 1621 socius
884 1588 1051 1620 eorum
1066 1587 1298 1637 ‚quorum
1365 1600 1384 1610 -
1454 1570 1537 1620 ὅ(
1528 1588 1575 1620 1n
1599 1573 2004 1636 caudiS,quorum

366 1643 593 1721 spurcitiis
623 1640 904 1690 dehonestas
1176 1664 1195 1672 -
1448 1639 1676 1702 spurcitiis
1710 1639 2004 1703 frequentius
2036 1638 2317 1691 dehonestas

364 1712 553 1760 &inter
577 1709 751 1758 aulicos
776 1706 1067 1755 simulacrum
1090 1708 1325 1771 religionis
1393 1731 1410 1739 -
1447 1706 1495 1756 ὅ(
1520 1705 1810 1753 simulacrum
1827 1705 2085 1769 religionis.

362 1777 631 1842 Lacrymae
621 1793 667 1824 m
682 1775 836 1823 multis
855 1774 1027 1822 leviter
1046 1774 1289 1838 profluunt
1357 1797 1375 1806 -
1445 1773 1685 1837 Lacrymae
1706 1773 1929 1820 in-multis
1950 1772 2119 1821 leviter
2130 1776 2340 1825 affluunt

365 1847 425 1893 ad
447 1845 653 1892 mensam
672 1842 876 1892 filiorum
897 1841 1159 1891 admittitur
1296 1864 1313 1875 -
1449 1840 1509 1887 ad
1537 1840 1745 1888 mensam
1778 1837 1983 1887 filiorum
2016 1843 2302 1907 quandoque
2325 1846 2404 1894 ad

1511 1908 1729 1956 mittitur.

363 1978 414 2030 ὃ(
442 1994 551 2028 cum
573 1976 793 2044 perverso
817 1978 1104 2041 pervertitur
1275 2005 1293 2016 ν
1429 1975 1479 2026 ὅ(
1501 1991 1610 2023 cum
1635 1973 1858 2040 perverso
1882 1972 2128 2039 perversus
2149 1973 2229 2024 est.

238 2071 242 2077 ·
361 2047 455 2094 Val
542 2080 554 2093 .
1482 2059 1529 2090 ee

189 2055 673 2179 Ep.CVIII.et(gleum
694 2114 823 2160 enim
853 2134 871 2143 -
901 2134 920 2148 ·
961 2108 1233 2160 offerantur.
1368 2138 1386 2147 -
1428 2039 1684 2174 {osta-X.
1700 2105 1898 2172 Defimt.

363 2181 564 2229 blando·
579 2181 780 2228 humero
806 2178 1089 2242 supportetis
1266 2206 1283 2214 -
1454 2177 1661 2226 blando
1673 2179 1876 2226 humero
1902 2179 2230 2240 comportetis.

362 2249 488 2297 Vice
511 2262 637 2297 ciom
626 2249 697 2296 tis
723 2261 783 2312 pe
805 2245 1069 2294 Roccafort
1240 2268 1258 2277 -
1445 2246 1569 2294 Vice
1594 2247 1782 2294 comitis
1804 2244 1863 2290 de
1889 2242 2128 2291 Staffordi.

357 2313 587 2379 judicium
611 2316 744 2363 nobis
767 2321 1022 2361 convertat
1221 2337 1239 2344 -
1448 2310 1682 2377 judiCIum
1706 2311 1846 2362 vobis
1880 2317 2147 2360 convertat·

363 2383 573 2430 Ecclefiae
598 2382 765 2431 nostrae
790 2381 848 2427 de
863 2379 1219 2429 Vulrenhauter
1232 2378 1374 2445 ,jugo
1408 2411 1425 2420 υ
1460 2380 1671 2428 Ecclesiae
1692 2379 1853 2428 nostrae
1878 2375 2091 2441 dejugo

361 2445 524 2515 jugum
550 2450 658 2498 illud
685 2449 918 2514 putrescat
1190 2472 1204 2481 -
1455 2446 1625 2513 jugum
1656 2448 1766 2497 illud
1785 2444 2150 2508 computrescat.

363 2519 649 2629 psauperibus
679 2519 859 2580 viigam
885 2512 1092 2563 exactori
1081 2531 1115 2563 s
1286 2541 1305 2549 -
1457 2516 1742 2644 pausszribus
1756 2513 1930 2580 jugum
1952 2511 2199 2561 exactoris.

417 2583 501 2632 ale.
684 2609 702 2618 -
1272 2613 1290 2622 -
1463 2584 1564 2632 Dee

192 2649 276 2714 Ep.
295 2647 423 2697 CIX.
448 2651 753 2714 praeambulos
767 2651 946 2701 aestus
926 2668 1026 2716 jam
1050 2649 1260 2717 praesenfi
1374 2676 1394 2686 —
1464 2651 1547 2716 Ep.
1565 2650 1674 2698 CX.
1704 2646 2049 2715 praeambulos'
2028 2662 2128 2712 jam
2153 2647 2364 2713 persensi.

194 2741 204 2759 ‹
363 2716 442 2764 vel
468 2719 603 2765 dietae
626 2721 885 2784 transgried
889 2736 936 2767 ar
926 2670 1139 2784 Jlegem,
1154 2719 1229 2766 seu
1252 2718 1447 2768 labori-
1469 2718 1546 2769 vel
1577 2718 1741 2767 labori.

366 2783 661 2849 dispendium
681 2789 884 2851 patimur
907 2790 1066 2853 primae
1091 2787 1374 2837 obedientiae
1409 2815 1427 2826 -
1464 2783 1758 2851 dispendium
1790 2784 1994 2849 patimur
2030 2783 2191 2849 primae
2232 2786 2390 2836 inobe-
2446 2776 2449 2833 ἒ

1524 2853 1726 2901 dientiae.

194 2958 217 2987 Ι.
361 2920 500 2971 Vale.
701 2942 721 2957 ά
1176 2947 1200 2960 ·-
1450 2916 1602 2982 Deast

189 2984 400 3056 Ep.CX.
421 2982 575 3040 vestra
594 2985 718 3040 inter
744 3015 763 3024 -
797 2991 815 3026 ἓ
849 2988 998 3044 odore
1021 2992 1256 3057 praecipua
1300 3012 1303 3014 ¹
1348 3020 1368 3030 -
1435 2990 1519 3054 Ep.
1544 2983 1836 3037 CXI-vestra
1856 2985 2083 3041 estinter-
2105 3013 2125 3028 -
2141 2988 2387 3057 praecipua.

361 3057 536 3111 transiit
552 3060 606 3110 in
629 3067 902 3127 quartanam
1222 3082 1240 3091 ε
1445 3057 1589 3106 recidi
1614 3057 1658 3104 in
1682 3062 1970 3120 quartanam.

2261 3119 2386 3175 Cen-
