2471 3463
211 165 343 240 ‘228¹
403 235 413 238 ,
516 237 525 240 μ
911 164 1188 240 utranam
1202 169 1309 224 uno
1333 164 1696 255 ετᾳώεεώιω
1752 152 1755 153 ἢ
1920 165 1926 171 ·
2087 171 2346 256 μάτευε.
2394 255 2395 258 Ν

227 240 2417 288 *mmm*

360 280 491 327 dedit
511 278 570 327 a“d
589 280 720 329 usum
1358 297 1461 348 quae
1486 281 1553 331 est
1575 283 1678 332 haec
1701 287 1921 340 securitas

428 346 618 412 quoties
644 347 844 399 voluero
1082 372 1102 387 s
1420 350 1545 398 inter
1563 347 1715 399 hastas
1732 352 1910 405 ostium
1934 353 1938 356 ’
1967 399 1990 405 Α,

419 414 558 464 miser
578 412 669 463 effe
691 422 866 480 potero
1485 417 1807 468 frendentium
2066 467 2073 475 ,

423 481 456 529 fi
476 482 594 532 mihi
615 482 697 531 soli
714 483 880 533 vixero
1261 492 1266 500 “
1345 483 1491 535 ,Astat
1512 499 1640 533 mors
1673 485 1721 534 in
1741 476 1897 550 januis
2056 510 2063 515 ·
2148 510 2150 512 ’
2184 520 2194 530 ·
2235 487 2240 492 '

289 548 383 597 toti
420 549 517 598 sum
545 551 728 599 mundo
753 549 963 614 perditus
1605 551 1656 609 ὅς
1689 551 1856 602 defluis
1966 558 1967 561 ’

289 616 524 682 benignus
548 617 639 666 Dei
656 617 853 681 Spiritus
1357 617 1406 665 in
1438 619 1883 669 omne-defiderium

287 698 390 731 non
416 684 545 732 dedit
567 683 650 731 ista
680 684 869 732 coelitus
928 702 930 704 ·
1170 725 1175 731 .
1358 686 1452 733 Sed
1475 685 1620 734 irruet
1641 687 1880 736 calamitas

351 757 407 798 ut
426 751 477 801 in
497 750 612 799 dolo
632 766 722 800 nos
750 750 912 813 illudat
1353 760 1555 816 repente
1578 753 1713 818 super
1745 755 1896 819 ipsum
2062 798 2065 802 Α
2356 814 2359 818 y
2384 792 2386 794 ψ

331 828 334 829 ’
354 825 410 867 ut
431 831 518 883 per
537 816 618 866 ista
640 833 729 865 nos
749 817 959 865 intrudat
1350 819 1891 887 voluptatumgravium
2032 835 2033 838 ’
2200 831 2220 839 ‘
2246 844 2250 848 ¹
2287 840 2294 843 ⁷
2438 855 2459 880 i

286 890 336 934 in
357 892 557 951 puteum
578 885 810 933 interitus.
1270 926 1274 930 .
1349 888 1561 935 muribus
1581 885 1849 951 jocunditas
2430 895 2432 897 ’

288 953 336 1002 Ο
357 954 618 1004 vanitatum
639 951 824 1001 vanitas
1349 959 1579 1002 aeternum
1597 955 1647 1003 in
1669 956 1963 1021 supplicium.

410 1083 550 1155 VII.
582 1082 866 1174 ·(al.128;)
918 1077 1272 1174 Descriptio
1297 1078 1438 1178 vitae
1457 1080 1792 1152 curialium
1812 1086 1883 1154 &
1901 1039 2212 1179 periculo-
2333 1063 2335 1067 V

403 1212 407 1217 ,
595 1179 601 1189 “
1128 1193 1281 1239 rum
1303 1169 1502 1262 ipsius,
1812 1194 1814 1196 ·
2268 1183 2279 1209 ’-

210 1285 434 1376 Gratias
454 1302 546 1353 ago
568 1284 731 1337 vestrae
751 1286 938 1350 gratier,
975 1291 1173 1350 quantas
1194 1283 1376 1349 possum
1390 1318 1404 1343 ‚
1439 1287 1572 1350 quia,
1609 1287 1832 1350 quamdiu
1852 1288 2155 1337 conversatus
2174 1320 2191 1346 ‚
2227 1287 2324 1336 sum
2343 1289 2414 1336 in-

309 1366 383 1404 ter
402 1371 520 1413 vos,
556 1369 635 1402 me
658 1355 870 1402 fraterno
891 1351 1095 1401 coluistis
1117 1350 1291 1401 affeetu
1311 1385 1326 1409 ‚
1361 1367 1453 1399 nec
1476 1353 1629 1399 minus
1651 1355 1767 1402 mibi
1788 1355 1914 1420 apud
1934 1368 2023 1404 vos
2050 1353 2213 1403 effecit
2235 1357 2410 1420 gratia,

209 1440 350 1490 quam
373 1423 498 1488 apud
519 1421 633 1469 alios
647 1455 661 1479 ,
700 1420 922 1468 diuturna
943 1418 1302 1472 ministrantium
1323 1420 1540 1467 conditio
1564 1420 1591 1465 a
1611 1419 1791 1468 natura.
1859 1421 1906 1469 Si
1928 1421 2280 1486 equitabamus,
2313 1437 2413 1469 era-

206 1495 266 1542 tis
288 1491 405 1539 mihi
427 1489 620 1538 lucerna
643 1488 839 1553 pedibus
862 1487 1006 1545 meiS,
1043 1487 1182 1534 eratis
1206 1486 1322 1534 mihi
1344 1502 1433 1551 pro
1451 1486 1737 1535 vehiculoin
1748 1489 1840 1536 via.
1895 1488 1960 1536 Si
1982 1495 2142 1536 autem
2160 1485 2327 1542 nostris
2346 1488 2414 1535 in-

207 1558 490 1623 dulgebatur
502 1554 731 1620 jumentis
756 1555 1023 1611 sabbatum,
1059 1554 1280 1602 homines
1304 1556 1430 1603 enim
1445 1555 1493 1603 in
1506 1555 1633 1602 curia
1655 1553 1938 1604 sabbatizare
1954 1570 2055 1604 non
2075 1555 2169 1605 vidi
2192 1587 2208 1612 ‚
2224 1570 2412 1606 verum

207 1626 326 1676 &in
349 1639 409 1672 eo
435 1624 600 1689 aperte
621 1622 788 1670 melior
810 1621 876 1669 est
897 1623 1111 1670 conditio
1125 1618 1458 1684 jumentorum
1472 1655 1487 1679 ‚
1519 1622 1708 1669 taedium
1729 1621 1842 1670 illud
1866 1623 1996 1687 quod
2018 1622 2294 1688 frequenter
2315 1619 2418 1668 afli..

209 1694 275 1742 cit
293 1690 514 1747 curiales,
553 1688 705 1739 vestra
729 1689 846 1737 m'ihi
867 1685 1124 1736 dulcissima
1145 1687 1380 1751 colloquia
1403 1689 1729 1745 servabantur,
1761 1696 1957 1753 eratque
1979 1688 2192 1740 solatium
2215 1689 2264 1739 ὅ(
2286 1687 2413 1736 exul-

207 1762 326 1808 tatio
349 1773 457 1806 mea
480 1759 638 1813 invia,
673 1757 722 1804 in
744 1770 956 1812 camera,
989 1756 1037 1802 in
1056 1753 1262 1818 capella,
1292 1752 1471 1801 Ουᾶιιε
1494 1756 1716 1818 equidem
1739 1757 1985 1818 quondam
2003 1756 2175 1829 Spiritu
2198 1755 2414 1802 ambitio-

207 1820 278 1875 nis
301 1842 377 1877 me
399 1832 556 1873 totum
583 1822 794 1872 civilibus
818 1821 1283 1870 undisimmerseram
1298 1853 1312 1877 ‚
1347 1822 1552 1885 denique
1573 1821 1980 1879 etiamecclefiam
2002 1836 2103 1885 ejus
2127 1821 2176 1871 ὅ(
2197 1822 2414 1870 ordinem

179 1943 186 1950 ,
207 1909 370 1942 meum
391 1890 495 1958 post
515 1900 648 1956 terga
669 1888 885 1953 rejiciens
899 1921 914 1945 ,
949 1898 1050 1936 non
1077 1897 1279 1952 quantus
1303 1881 1419 1935 r‘nihi
1439 1886 1620 1935 feciss'et
1639 1888 1984 1946 Dominu8,sed
2005 1896 2204 1954 quantas
2227 1886 2413 1954 poisern

208 1974 465 2026 aggregare
489 1958 674 2007 divitias
696 1957 859 2004 anxius
882 1953 1204 2004 attendebam.
1290 1955 1466 2002 Rerum
1488 1969 1604 2020 ergo
1629 1989 1644 2012 .,
1683 1970 1784 2020 quae
1808 1963 1940 2003 retro
1964 1955 2068 2004 sunt
2093 1953 2266 2003 oblitus
2285 1988 2301 2011 ‚
2331 1969 2410 2002 me
2451 1955 2454 1957 ’

209 2030 268 2077 ad
292 2027 543 2083 interiora,
579 2025 770 2073 sednon
792 2036 927 2071 more
951 2021 1168 2088 Apostoli
1189 2024 1503 2087 porrigebam.
1574 2021 2143 2087 Veruntamencastigans
2168 2020 2412 2087 castigavit

207 2111 285 2145 me
307 2094 545 2142 Dominus
560 2125 575 2150 ‚
613 2091 662 2141 ὅ(
683 2091 826 2138 morti
846 2105 946 2138 non
970 2089 1162 2154 tradidit
1181 2105 1286 2146 me,
1335 2104 1477 2153 quem
1497 2086 1624 2137 letio
1649 2088 1869 2137 dolorum
1893 2091 2129 2153 affligens,
2164 2089 2214 2138 in
2236 2103 2411 2154 corpus

208 2179 432 2230 pravum,
470 2157 708 2224 abje&um
731 2157 781 2207 ὃ(
802 2157 1017 2205 miserum
1040 2156 1248 2221 spiritum
1274 2157 1361 2209 suae
1386 2156 1726 2220 indignationis
1748 2155 1943 2215 effudit,
1977 2157 2200 2205 anxiabar
2217 2158 2275 2203 ad
2286 2171 2412 2204 mor-

209 2240 334 2288 tem,
368 2228 560 2293 jamque
585 2225 799 2291 corporis
825 2224 875 2274 ὃς
897 2225 1061 2271 animae
1083 2223 1341 2271 divortium
1361 2221 1612 2271 certissime
1634 2224 1928 2272 imminebat.
2030 2223 2122 2272 Sed
2143 2221 2410 2287 intelligens

210 2306 345 2363 pater
363 2294 779 2344 misericordiarum
811 2317 826 2349 ,>
874 2293 983 2356 quia
1006 2292 1116 2339 data
1148 2291 1264 2338 mihi
1289 2289 1354 2338 est
1377 2293 1569 2339 vexatio
1591 2288 1854 2339 intelleEtus
1875 2323 1889 2347 ,
1922 2290 2064 2338 iratus
2086 2289 2411 2339 misericordiae

208 2364 480 2412 recordatus
502 2359 566 2409 est
586 2395 602 2420 ,
638 2350 863 2424 simulque
889 2359 1113 2424 Spiritum
1138 2359 1214 2405 irae
1236 2357 1322 2410 suae
1343 2358 1592 2405 conhibuit
1614 2391 1629 2414 ,
1675 2357 1725 2407 ὃ(
1746 2355 1773 2404 a
1794 2372 1871 2404 me
1890 2356 2115 2421 Spiritum
2139 2356 2409 2404 ambitionis

211 2425 481 2479 exsufflavit.
557 2427 983 2493 Sane-frequenter
1013 2425 1220 2489 legeram
1241 2426 1440 2471 verbum
1473 2424 1586 2472 illud
1617 2424 1990 2472 SALOMONIS
2021 2426 2088 2471 ire
2106 2424 2157 2471 de
2172 2423 2342 2486 hospitio
2363 2426 2410 2469 in

209 2499 427 2560 hospitium
448 2498 531 2551 vita
546 2496 707 2556 peffima
729 2497 801 2553 est,
835 2495 1036 2542 sciebam
1058 2493 1167 2557 quia
1188 2492 1286 2539 vita
1305 2490 1488 2538 curialis
1509 2507 1637 2538 mors
1662 2490 1728 2538 est
1749 2492 1915 2542 animae
1936 2522 1952 2547 v
1985 2491 2258 2540 recolebam
2278 2515 2301 2548 ,2
2330 2492 2408 2538 da-

209 2563 414 2614 mnabile
429 2562 519 2610 effe
542 2562 732 2610 Clerico
747 2595 761 2618 ,
797 2563 841 2610 se
853 2560 1100 2609 curialibus
1112 2567 1195 2606 aut
1216 2558 1492 2607 secularibus
1516 2559 1720 2623 negotiis
1741 2559 2028 2615 immiscere,
2061 2558 2202 2613 neca
2224 2571 2410 2606 memo-

209 2634 275 2682 ria
298 2647 404 2680 mea
424 2630 665 2678 exciderat
687 2627 798 2675 illud
832 2626 1305 2676 ECCLESIASTICI
1339 2627 1536 2674 verbum
1557 2660 1571 2683 ,
1607 2627 1736 2691 quod
1756 2641 1833 2673 me
1855 2626 1904 2675 <Sc
1925 2624 2186 2676 confimiles
2212 2625 2238 2672 a
2261 2625 2406 2672 curia-

208 2701 325 2750 libus
347 2698 466 2746 curis
487 2697 745 2744 debuerant
763 2693 1045 2743 abstraxisse:
1081 2697 1186 2742 Noli
1204 2694 1264 2740 ab>
1277 2694 1442 2740 homine
1463 2710 1646 2756 quarere
1665 2698 1900 2752 ducatum,
1929 2695 2063 2753 mque
2085 2693 2112 2737 ἁ
2135 2698 2248 2754 Rege
2265 2694 2407 2738 cutbe-

207 2771 333 2815 Aram
363 2765 565 2811 honorum
589 2781 606 2808 :
634 2770 758 2824 penes
779 2768 931 2822 Regem
953 2765 1041 2810 noli
1059 2764 1194 2809 videri
1206 2763 1404 2824 sapiem3
1438 2778 1522 2807 non
1543 2778 1702 2824 quaeras
1718 2762 1818 2821 fieri
1839 2759 1983 2818 judex
2000 2760 2080 2819 m'fi
2096 2761 2245 2807 valeas·
2258 2762 2410 2805 ’ω’ντκ-ι,

209 2850 251 2882 te
272 2836 529 2896 iniquitates
550 2835 783 2891 irrumpere
801 2831 941 2889 populi
962 2859 976 2883 ‚
1019 2847 1102 2877 non
1136 2845 1181 2877 te
1211 2833 1423 2874 immittas
1453 2832 1498 2874 in
1521 2830 1844 2888 multitgaedinem
1863 2829 2097 2888 civitatum
2113 2860 2128 2883 ,
2142 2821 2233 2872 *nec
2256 2826 2405 2886 alliget
2470 2858 2471 2874 i

152 2912 154 2915 ’
209 2904 291 2949 tibi
307 2914 486 2964 peccata
507 2899 706 2961 duplicia.
775 2895 925 2942 Porro
949 2929 963 2950 ,
1008 2897 1068 2945 sic
1090 2913 1168 2945 me
1191 2898 1505 2945 inebriaverat
1525 2895 1721 2942 ambitio
1742 2926 1756 2950 ,
1803 2892 1862 2939 fic
1886 2908 1962 2941 me
1983 2894 2150 2941 blanda
2179 2893 2402 2957 Principis

209 2967 427 3037 promissa
448 2967 770 3015 subverterant
789 2995 804 3019 ,
836 2969 890 3009 ut
920 2963 1063 3010 sciens
1084 2965 1133 3013 ὅ(
1159 2966 1364 3028 prudens
1385 2965 1569 3013 viderer
1597 2962 1647 3008 in
1678 2974 1822 3007 omne
1844 2960 2091 3009 discrimen
2112 2961 2276 3013 animae
2299 2975 2402 3025 cor-

208 3039 335 3106 poris
357 3036 406 3087 &
429 3033 719 3100 dispendium
740 3028 1044 3095 pertinaciter
1075 3024 1349 3093 conjurasse.
1449 3030 1782 3095 Veruntamen
1825 3028 1951 3078 inter
1983 3026 2168 3094 flagella
2208 3027 2406 3139 Domitrii

219 3117 231 3128 ,
267 3120 275 3128 .,
297 3116 305 3126 ,
329 3117 339 3126 ,
2265 3107 2347 3158 gra
2386 3119 2406 3130 ,
