2471 3463
191 216 259 269 70
896 187 1286 246 Utssunbmunb
1298 185 1652 246 &nebridum
1928 179 1930 181 .
2045 198 2049 205 ‘
2077 206 2119 254 3.
2139 173 2340 240 Period}

210 269 2231 289 W

198 310 252 358 sti
271 311 391 358 hora
408 307 653 356 tertiarum
671 301 750 353 vel
770 302 892 368 quasi
916 301 1219 367 pontificatus
1243 299 1500 349 sanetiffimi
1520 300 1568 346 in
1586 298 1776 347 Christo
1800 303 1943 365 patris
1965 303 2221 353 &Domini
2238 287 2400 358 nostri,
2465 312 2471 348 t

203 377 395 425 domina
415 371 549 422 Pauli
568 373 724 421 divina
749 371 1046 437 providentia
1062 370 1198 434 Papae
1223 368 1350 415 tertii
1370 382 1497 414 anno
1518 363 1621 429 ejus'
1639 361 1769 414 sexto
1794 370 1842 416 in
1865 368 2046 427 nostra,
2083 368 2227 420 nostri
2246 373 2401 418 Nota*
2461 359 2471 415 ἶ

200 446 257 494 rii
280 460 334 492 ac
363 440 550 496 testium
572 440 692 488 infra
724 439 1002 504 scriptorum
1025 436 1264 502 praesentia
1289 433 1595 500 personaliter
1624 432 1905 491 constitutus
1939 437 2159 485 discretus
2184 438 2234 487 &
2265 438 2401 486 bonoe
2466 446 2471 490 ξ

203 510 372 560 indolis
394 509 546 558 David
569 508 754 572 Meiger
777 505 990 554 Clericus
1017 502 1271 552 Bremenfis
1293 501 1552 549 dioeceseos
1587 515 1672 565 per
1700 493 1932 563 organum
1954 505 2143 552 Notarii
2166 506 2273 553 Viri
2293 505 2401 552 Dni.
2453 489 2471 535 '3

204 580 254 629 &
276 577 484 642 Magistri
505 576 732 641 Johannis
753 574 990 621 Rumhert
1010 570 1220 618 Ecclefiae
1241 569 1408 617 nostrae
1438 567 1803 633 Hamburgensis
1838 572 2060 633 perpetui
2081 571 2262 620 Vicarii
2282 574 2405 620 inter

205 646 291 695 alia
311 645 543 710 alligando
567 642 812 707 proposuit
835 641 882 688 ὃ(
906 639 1139 686 narrando
1164 638 1280 684 dixit
1300 670 1315 694 ,
1353 637 1483 700 quod
1504 643 1634 684 certa
1664 643 1895 700 perpetua
1918 635 2011 683 flue
2031 651 2143 684 cura
2160 639 2334 686 vicaria
2355 639 2405 685 in
2465 667 2471 689 j

192 711 398 763 :ccclesia
417 709 675 776 parochiali
707 709 802 755 divi
822 706 1010 753 Nicolai
1039 707 1098 753 ad
1121 703 1283 753 Altare
1307 704 1375 752 St.
1391 704 1559 768 ²Jacobi
1591 701 1783 766 majoris
1808 702 1914 767 post
1944 704 2133 753 obitum
2164 701 2410 768 cujusdam
2458 702 2471 724 '⁴

203 783 343 830 bonae
366 780 608 828 memoriae,
628 773 878 823 Christiani
896 773 1082 821 Lubick
1106 771 1367 838 presbyteri
1392 768 1606 834 ejusdem
1629 767 1865 820 noviffimi
1888 785 1943 819 ac
1965 770 2407 837 devotipossefforis

203 841 439 903 vacasset,
475 851 619 911 prout
641 849 784 905 vacat
805 843 865 888 de
886 841 1127 906 praesenti,
1159 837 1298 909 hujus
1321 839 1703 903 Jus·Patronatus
1731 836 1828 884 flue
1849 837 2160 902 praesentandi
2183 841 2242 888 ad
2261 840 2413 888 hone·
2458 868 2471 880 ι

205 915 322 964 stam
348 914 590 962 dominam
610 912 928 974 Margaretam
960 907 1174 956 relictam
1196 908 1394 955 Henrici
1413 904 1570 954 Sassen
1590 903 1724 969 juxta
1756 913 1979 954 tenorem
2012 914 2153 956 certae
2173 907 2408 955 fundatio-

205 984 276 1030 nis
344 1011 361 1019 -
429 1010 447 1019 -
516 1009 534 1017 -
603 979 840 1043 exspiratae
876 975 1146 1023 dinoscetur
1170 974 1422 1039 pertinere.
1525 974 1584 1020 Et
1608 974 1671 1019 ob
1695 973 1741 1020 id
1767 971 1890 1021 dicta
1913 974 2218 1038 Margaretha
2249 973 2413 1022 relicta

204 1049 402 1100 Henrici
422 1046 578 1095 Saffen
604 1045 848 1111 praefatum
872 1043 1106 1092 Davidem
1119 1043 1272 1091 Meier
1295 1041 1519 1089 clericum
1539 1040 1663 1088 dioc.
1676 1039 1911 1090 Bremens.
1924 1040 1979 1097 <Sc¹
1993 1035 2220 1110 tanquam
2243 1041 2415 1090 abilem

207 1118 495 1168 &idoneum
508 1116 588 1163 sub
602 1115 678 1178 spe
692 1110 1044 1178 gratificationis
1055 1107 1335 1158 venerabilis
1352 1105 1546 1173 capituli
1558 1121 1722 1155 coram
1734 1106 2002 1154 honorabili
2021 1108 2125 1169 viro
2148 1109 2275 1162 Dno.
2293 1101 2417 1156 Gre-
2462 1131 2467 1166 ς

2455 1084 2471 1131 i-

208 1185 345 1250 gorio
371 1183 583 1236 EmeKen
605 1215 619 1239 ,
654 1178 890 1245 Imperiali
911 1178 1115 1227 Notar10
1150 1175 1342 1241 publico
1366 1175 1416 1224 ὅ(
1438 1173 1632 1223 testibus
1657 1173 1832 1221 adhoc
1852 1173 2127 1238 requisitis,
2154 1183 2210 1224 ut
2230 1189 2416 1225 exvera
2460 1170 2471 1184 ⁶

209 1268 309 1316 ejus
330 1251 558 1298 relatione
573 1248 720 1302 claret
732 1246 1104 1312 praesentandum
1126 1245 1260 1291 duxit
1280 1243 1329 1292 <Sc
1353 1237 1680 1307 praesentasset.
1751 1241 1810 1287 Et
1830 1241 1893 1288 ob
1913 1242 1959 1288 id
1980 1257 2090 1289 cum
2110 1244 2145 1290 is
2168 1258 2256 1307 pro
2281 1257 2342 1291 eo
2369 1242 2418 1290 fi-

207 1319 381 1367 militer
401 1317 675 1382 supplicavit
698 1348 712 1372 ,
757 1329 845 1361 nos
867 1312 1278 1377 praesentationem
1299 1307 1575 1373 hujusmodi
1600 1308 1714 1356 ficut
1736 1308 2035 1371 praemittitur
2051 1308 2224 1357 factam
2246 1310 2416 1358 admit-

209 1396 310 1438 tere
333 1383 603 1447 dictumque
627 1381 860 1429 Davidem
884 1380 1068 1442 Meiger
1092 1377 1336 1424 Clericum
1359 1379 1417 1424 ad
1441 1377 1641 1423 eandem
1665 1383 1946 1439 perpetuam
1966 1376 2216 1432 vicariam,
2241 1376 2299 1423 sic
2314 1410 2327 1433 ‚
2364 1385 2419 1424 ut

210 1453 508 1518 praemittitur
526 1455 808 1502 vacantem,
846 1445 1098 1494 Canonice
1122 1443 1360 1490 instituere
1384 1476 1399 1499 ‚
1437 1441 1485 1490 ὅ(
1508 1441 1586 1491 fibi
1609 1442 1670 1492 de
1699 1439 1982 1488 au&oritate
2006 1440 2164 1489 nostra
2183 1444 2421 1491 ordinaria

209 1522 271 1568 de
293 1520 459 1567 eadem
477 1516 726 1582 providere
751 1514 1065 1577 dignaremur.
1142 1510 1274 1558 NOS
1311 1507 1499 1561 TUNC
1533 1507 1874 1572 JOHANNES
1910 1508 1955 1556 T
1959 1508 2247 1557 hesaurarius
2280 1509 2330 1558 ὅ(
2351 1508 2421 1557 lo-

211 1603 322 1637 cum
344 1593 512 1633 tenens
533 1583 714 1648 praefati
737 1580 993 1645 praebabita
1014 1577 1319 1627 nihilominus
1340 1592 1451 1625 cum
1475 1573 1969 1639 Dnis.Capi'tularibus
1995 1584 2185 1627 matura
2198 1575 2423 1625 delibera·

209 1656 344 1703 tione
366 1653 415 1701 ὅ(
436 1651 691 1699 collatione
717 1648 920 1711 denique
945 1647 994 1695 ὃς
1016 1644 1319 1693 conclusione
1348 1642 1521 1692 dietam
1547 1642 1961 1707 praesentationem
1977 1675 1991 1699 ,
2024 1642 2083 1691 fic
2105 1651 2160 1691 ut
2180 1645 2421 1708 praemitti-

213 1731 289 1771 tur
311 1718 483 1769 factam
509 1732 597 1783 pro
619 1715 700 1763 ista
722 1717 825 1763 vice
848 1713 1006 1761 saltem
1028 1710 1342 1776 gratificamus
1365 1711 1413 1758 ὃς
1436 1710 1779 1757 admittendam
1802 1709 2046 1769 duximus,
2090 1712 2423 1775 prout-admit-

213 1793 477 1850 timus‘per
510 1784 756 1849 praesentes
791 1781 1105 1844 volentesque
1135 1780 1193 1825 ad
1228 1777 1568 1827 executionem
1598 1772 1877 1838 hujusmodi
1898 1779 2082 1840 negotii
2113 1778 2284 1827 veri&
2308 1777 2423 1826 liciti

213 1856 495 1923 providere,
533 1860 588 1899 ut
608 1859 851 1909 tenemur;
882 1849 1063 1895 idcirco
1087 1844 1366 1893 au&oritate
1385 1843 1543 1892 nostra
1567 1843 1800 1890 ordinaria
1824 1844 1873 1893 δε
1896 1861 1987 1909 qua
2006 1844 2247 1909 fungimur
2261 1846 2309 1893 in
2330 1845 2422 1892 hac

203 1931 354 1989 ,parte
376 1955 391 1979 ‚
428 1919 668 1971 Vicariam
693 1917 934 1982 praefatam
961 1915 1019 1961 sic
1042 1921 1094 1961 ut
1113 1914 1413 1978 praemittitur
1442 1926 1528 1976 per
1550 1911 1733 1959 obitum
1761 1910 1900 1959 bonae
1930 1912 2173 1963 memoriae
2206 1911 2426 1960 Christia-

218 1993 267 2039 ni
288 1988 487 2038 Lubeck
509 1992 763 2043 vacantem
788 1984 942 2031 eidem
967 1983 1137 2030 Davidi
1165 1980 1333 2044 Meyer
1356 1979 1531 2027 clerico
1554 1979 1785 2026 Bremens.
1799 1979 1920 2026 dioc.
1945 1972 2188 2044 tamquam
2214 1978 2425 2033 habili&

217 2060 391 2110 idoneo
416 2071 579 2104 coram
607 2052 743 2100 nobis
776 2049 1029 2115 genuflexo
1057 2050 1104 2098 ὅ(
1125 2049 1172 2096 id
1204 2047 1444 2096 humiliter
1464 2047 1649 2111 petenti
1676 2044 1781 2110 post
1811 2045 2010 2110 praestita
2041 2050 2100 2094 de
2123 2035 2423 2096 observandis

219 2123 634 2175 consuetudinibus
668 2118 869 2166 ecclesiae
891 2118 940 2166 ὃς
961 2117 1234 2164 obedientia
1255 2115 1382 2163 solita
1409 2114 1456 2163 ὃ(
1478 2113 1701 2160 consueta
1715 2111 2010 2176 juramcnta,
2046 2114 2093 2163 ὅ(
2113 2115 2424 2174 [αιναβιηὲἶκηι

213 2210 288 2258 per
312 2193 490 2240 eundem
511 2190 562 2235 de
583 2191 703 2250 super
725 2188 890 2232 tafium-
956 2214 974 2221 -
1044 2213 1062 2220 -
1130 2214 1148 2221 -
1218 2198 1304 2247 per
1338 2181 1479 2229 osculi
1505 2181 1809 2229 traditionem
1830 2215 1844 2238 ,
1898 2182 2130 2247 biretique
2163 2181 2308 2230 nostri
2341 2181 2423 2229 suo

221 2261 365 2324 capiti
388 2257 738 2322 impositionem
762 2251 1103 2301 conferendam
1127 2250 1177 2299 ὅς
1201 2247 1521 2313 affignandam
1539 2283 1554 2305 ,
1591 2251 1731 2313 rebus
1755 2249 1813 2295 de
1845 2250 2012 2296 eadem
2047 2249 2421 2314 providendum,

221 2329 462 2394 ipsumque
495 2327 543 2373 in
579 2324 627 2373 ὃς
659 2324 718 2371 ad
743 2322 942 2369 eandem
967 2319 1195 2366 canonice
1227 2317 1559 2364 instituendum
1583 2348 1598 2372 ,
1631 2314 1972 2362 investiendum
1995 2316 2236 2372 ducimus,
2280 2322 2425 2379 prout

479 2421 497 2429 -
568 2390 883 2446 admittimus,
921 2385 1209 2435 conferimus
1233 2418 1248 2442 ,
1286 2386 1593 2449 providemus
1617 2416 1631 2439 ‚
1679 2383 1728 2431 <Sc
1751 2382 2050 2445 providendo
2073 2381 2351 2430 instituimus
2375 2382 2424 2430 &
2447 2386 2464 2410 '³

225 2458 492 2512 investimus
506 2459 554 2504 in
568 2458 657 2505 Dei
677 2458 872 2504 nomine
893 2470 978 2520 per
991 2452 1253 2517 praesentes.
1293 2453 1575 2499 Mandamus
1595 2449 1672 2496 libi
1698 2449 1775 2497 vel
1797 2450 2093 2514 procuratori
2117 2448 2198 2496 suo
2219 2449 2423 2498 Notario

225 2545 315 2596 pro
338 2542 397 2574 eo
421 2526 480 2572 de
501 2523 858 2590 ipfiusyicariae
881 2522 1135 2569 redditibus
1160 2553 1173 2577 ,
1204 2518 1415 2583 juribus,
1449 2517 1787 2582 proventibus,
1825 2517 2199 2564 obventionibus
2268 2544 2285 2553 -
2356 2545 2373 2552 -
2408 2544 2424 2552 -

227 2612 314 2662 per
337 2609 420 2642 eos
443 2626 457 2649 ,
501 2606 703 2656 quorum
735 2589 926 2637 interest
958 2588 1164 2654 plenarie
1187 2604 1241 2635 ac
1264 2587 1449 2651 integre
1453 2614 1806 2630 -----
1875 2585 1932 2630 Et
1959 2582 2265 2630 nihilominus
2288 2581 2424 2629 vobis

228 2664 356 2712 Dnis.
377 2659 589 2709 Notariis
611 2657 661 2707 ὅ(
683 2656 1008 2705 tabellionibus
1031 2655 1225 2721 publicis
1247 2652 1515 2719 supradietis
1537 2686 1552 2710 .,
1600 2652 1679 2717 qui
1701 2666 1789 2717 pro
1813 2658 1946 2716 parte
1970 2647 2281 2697 di&iDavidis
2311 2663 2426 2713 prae-

230 2729 397 2779 sentati
423 2734 502 2775 aut
522 2725 840 2791 procuratoriS
865 2724 926 2770 sui
950 2740 1037 2788 pro
1059 2739 1119 2771 eo
1142 2722 1351 2787 legitime
1377 2720 1580 2786 requisiti
1604 2720 1783 2767 fueritis
1806 2718 1982 2766 virtute
2006 2715 2169 2763 sanctae
2197 2716 2428 2763 obedien-

231 2800 306 2846 tiae
331 2793 543 2851 districti,
581 2793 903 2859 praecipimus,
934 2793 1234 2847 mandamus,
1273 2797 1506 2855 quatenus
1531 2787 1738 2834 eundem
1763 2784 1994 2832 Davidem
2017 2782 2324 2848 principalem
2345 2789 2427 2830 aut

232 2870 592 2923 procuratorem
617 2858 715 2924 ejus
737 2858 987 2907 Notarium
1011 2873 1096 2921 pro
1116 2873 1204 2914 eo,
1240 2872 1352 2906 vere
1377 2857 1427 2906 &
1447 2856 1639 2902 nomine
1658 2887 1671 2910 ‚
1710 2851 1989 2911 aucioritate
2012 2849 2167 2897 nostra
2191 2850 2425 2898 ordinaria

233 2926 282 2980 in
314 2929 444 2980 dietae
470 2929 669 2976 Vicariae
694 2936 936 2993 perpetuae
968 2922 1144 2971 realem
1177 2926 1226 2974 ὅ(
1249 2923 1478 2973 actualem
1509 2919 1837 2987 posseffionem
1877 2918 2065 2981 ponatis
2094 2917 2143 2966 &
2171 2917 2426 2972 inducatis,

232 2999 443 3066 ponique
468 2992 517 3046 δέ
539 2998 698 3045 induci
717 2995 925 3044 faciatis.·
981 2993 1095 3037 unde
1116 3008 1191 3052 cgo
1214 2992 1440 3040 Notarius
1473 2989 1591 3036 infra
1614 2987 1805 3050 scriptus
1828 2986 1884 3031 ad
1906 2984 2035 3033 aetus
2056 2984 2274 3049 praefatos
2291 2998 2429 3046 roga-

234 3075 310 3118 tus
331 3065 380 3117 &
401 3079 488 3130 pro
505 3072 639 3131 parte
664 3061 888 3114 antedi&
909 3060 1116 3112 Davidiis
1129 3055 1328 3126 Meyger
1348 3054 1617 3125 principalis
1637 3051 1880 3119 requisitus
1901 3053 1948 3103 in
1968 3054 2065 3103 vim
2086 3051 2295 3102 mandati
2310 3050 2427 3098 mihi

2341 3131 2427 3181 per
