2471 3463
16 150 37 231 ’μ
66 244 70 246 .
89 180 138 213 2.
163 158 467 228 Cap.ssebenbe
490 156 712 224 ffievtasse

900 161 1006 212 ”On
1027 156 1094 206 st.
1107 154 1233 205 Petri
1252 156 1460 215 Rircbe
1927 157 1929 159 ⁷
2047 186 2050 187 ⁷
2128 179 2214 227 143

57 282 153 328 An,
685 275 779 322 An.
791 274 827 322 I.
858 271 916 319 ad
939 273 1117 316 Petrum
1142 270 1185 316 S.
1200 270 1259 317 R.
1271 271 1322 317 E.
1355 270 1656 319 Cardinalem
1689 275 2091 322 Archidiaconum
2110 277 2221 322 Bor-

33 345 173 409 1316.

22 513 25 516 .
55 479 149 528 An.
221 447 502 539 XV11.K.2.1.
525 475 660 527 Febr.

33 559 51 596 1
75 559 93 610 3
120 558 193 608 17.

224 675 337 727 XV.
368 676 471 727 Kal.
493 677 624 726 Febr.
678 704 681 707 ·

260 1016 324 1062 X.
357 1010 457 1061 Cal.
486 1013 619 1061 Febr.
674 1006 678 1007 ⁷

128 1195 143 1209 ,
223 1145 356 1198 XVI.
385 1146 489 1197 Kal.
515 1147 655 1197 Mart.

260 1417 325 1464 V.
347 1414 452 1464 Kal.
481 1416 621 1464 Mart.

258 1564 327 1612 111.
346 1563 449 1614 Kal.
466 1544 624 1613 Mart.

217 1966 282 2016 V.
311 1967 417 2015 Idus
442 1964 615 2015 Martii.

220 2117 358 2165 XVI.
396 2115 501 2164 Kal.
543 2119 659 2182 Apr.

253 2250 309 2299 11.
352 2247 456 2297 Kal.
500 2251 616 2315 Apr.

318 2398 437 2445 Eod.
459 2401 549 2448 die.

258 2681 362 2732 Kal.
395 2682 581 2748 Aprilis,

217 2900 271 2947 11.
283 2901 431 2967 Non.
466 2899 650 2966 Aprilis.

866 336 1158 386 bonensem‘
1148 352 1194 384 m
1225 336 1397 384 Eccies
1384 353 1426 384 a
1448 339 1716 386 Bituricensi
1745 341 1802 386 de
1823 342 2098 399 virtutibus,
2108 356 2219 407 quae

789 456 793 463 ,
864 407 914 454 in
935 388 1260 453 Cardinalibus
1277 404 1609 453 desidera-ntur.
1633 406 1741 452 ibid.
1755 421 1820 466 ap.
1836 411 1969 454 Eund.
2230 449 2232 451 .

858 470 1187 521 Confirmatio
1225 472 1513 519 fundationis
1542 471 1849 519 Eccleslarum
1870 475 2222 539 collegiatarum

867 542 918 587 de
937 541 1017 600 Vs
998 540 1081 598 sta
1114 538 1163 588 ὅ(
1185 545 1233 584 V
1229 539 1501 585 nhandraulc
1521 554 1605 604 per
1628 539 2028 589 CLEMENTEM
2063 543 2126 591 V.
2162 542 2227 590 fa-

866 607 951 658 &ae
973 606 1098 672 apud
1114 606 1351 654 BALVZ.
1372 608 1519 672 Papp.
1533 611 1685 656 Aven.
1710 606 1761 653 ΙΙ.
1785 622 1830 670 p.
1846 616 1958 666 298.
1975 608 2070 672 sqq.

866 676 927 724 ad
945 675 1182 737 Philippum
1202 674 1486 722 Francorum
1500 675 1681 739 Regem
1702 674 1974 721 adhortatio
1995 684 2049 721 ut
2072 676 2118 721 in
2133 678 2222 739 pri-

865 742 985 791 stino
1006 757 1122 809 erga
1145 741 1395 791 Ecclesiam
1428 741 1577 791 studio
1600 748 1892 807 permaneat.
1937 742 2044 789 ibid.
2099 745 2224 804 apud.

865 803 1304 858 RAYNALDUM.

863 879 1050 927 Monita
1074 878 1132 936 ad
1145 878 1332 923 Eundem
1350 878 1408 925 de
1432 876 1674 925 abolendis
1697 876 1976 941 quibusdam
1997 875 2119 924 circa
2134 875 2227 924 cul-

864 954 967 994 tum
989 932 1202 1011 publium
1225 945 1453 993 abufibuS.
1473 947 1533 993 ib.
1557 946 1773 1007 ap.Eund.

862 1015 922 1062 ad
943 1016 1161 1077 Principes
1185 1014 1319 1062 ltaliae
1352 1011 1623 1062 adhortatio
1655 1013 1713 1060 ad
1741 1011 2082 1060 Concordiam.
2115 1012 2224 1059 ibid.

856 1097 931 1198 ἔς.
953 1084 1210 1212 {ZZstrum
1239 1148 1407 1194 OrdInis
1437 1149 1768 1194 Pr'aedicatorum
1812 1147 2075 1195 Prohibitio
2096 1181 2109 1203 a
2165 1161 2225 1193 ne

863 1219 966 1283 quis
991 1231 1052 1265 ex
1073 1219 1170 1266 hoc
1194 1218 1359 1266 ordine
1387 1217 1434 1263 in
1457 1217 1736 1281 Episcopum
1759 1214 1933 1263 eleetus
1961 1217 2138 1278 absque
2162 1214 2228 1260 fa-

863 1285 1039 1333 cultate
1066 1286 1255 1342 suorum
1279 1285 1570 1347 superiorum
1594 1282 1876 1332 eleffionem
1899 1290 2133 1347 acceptet.
2150 1297 2224 1346 ap.

861 1354 1177 1400 MARTENE
1191 1353 1372 1399 Anecd.
1394 1350 1422 1397 l.
1446 1366 1491 1414 p.
1512 1366 1654 1412 1349.

866 1417 1158 1466 Constitutio
1193 1419 1252 1465 de
1285 1422 1503 1464 Saracenis
1537 1434 1562 1464 e
1583 1433 1733 1482 regno
1756 1415 2036 1464 Granatenfi
2066 1414 2225 1480 expel-

862 1484 1013 1534 lendis
1035 1501 1110 1551 ap.
1134 1484 1446 1532 BZOVIVM
1467 1485 1525 1531 ad
1542 1485 1589 1531 h.
1614 1501 1655 1532 a.
1675 1482 1715 1549 55
1723 1485 1839 1531 XX

864 1567 923 1613 ad
945 1566 1295 1611 Bartholomaeum
1316 1563 1599 1628 Episcopum
1620 1551 1984 1627 Forojuliensem
2004 1563 2053 1612 ὅ(
2073 1562 2205 1627 Magi
2206 1592 2224 1601 -

862 1631 1005 1680 strum
1035 1639 1213 1679 Petrum
1243 1638 1464 1677 Textorem
1484 1632 1801 1678 Decretorum
1826 1628 1967 1677 Dori.
1987 1629 2224 1678 Commis-

862 1698 926 1746 fio
952 1732 966 1756 ‚
1002 1708 1057 1746 ut
1076 1707 1244 1748 contra
1269 1699 1505 1757 johannem
1529 1700 1580 1744 de
1601 1701 1860 1754 Lemovicis,
1889 1698 2092 1757 Jacobum
2116 1703 2226 1743 Bra-

862 1767 1088 1812 bantinum
1111 1796 1125 1820 ,
1159 1767 1398 1825 Johannem
1418 1767 1470 1811 de
1489 1772 1675 1811 Amanto
1697 1765 1746 1814 ὅς
1771 1764 1883 1813 alios
1906 1767 2097 1830 magicis
2119 1768 2224 1814 arti-

863 1834 951 1881 bus
972 1835 1245 1898 inquinatos
1276 1832 1579 1898 quaestionem
1610 1840 1881 1882 exerceant.
1909 1849 1983 1899 ap.
2014 1833 2222 1881 ODOR.

860 1901 1296 1950 RAYNALDUM.
1323 1904 1381 1949 ad
1404 1902 1451 1949 h.
1477 1918 1521 1952 a.

857 1970 1142 2018 Admonitio
1163 1971 1375 2016 Friderici
1394 1969 1646 2017 Trinacriae
1667 1969 1811 2034 Regis
1825 2001 1839 2026 ,
1873 1974 1927 2016 ut
1945 1973 2130 2033 ereptas
2146 1973 2224 2015 Ro·
2290 2001 2293 2002 γ

860 2036 978 2083 berto
1000 2036 1163 2085 Siciliae
1187 2039 1308 2102 Regi
1333 2052 1464 2085 arces
1486 2035 1697 2085 restituat
1718 2070 1732 2095 ,
1764 2038 1826 2085 ib.
1849 2051 1915 2100 ap.
1929 2040 2055 2083 Eunai.

863 2118 1144 2167 Sollicitatio
1177 2120 1371 2166 Eduardi
1394 2119 1575 2183 Angliae
1596 2120 1735 2183 Regis
1757 2151 1772 2175 ‚
1815 2126 1869 2166 ut
1896 2116 2220 2167 Cardinalibus

862 2185 1052 2250 Legatis
1078 2186 1220 2235 fidem
1241 2186 1486 2236 Clientelae
1509 2187 1703 2235 nomine
1726 2187 1925 2249 addicat.
1938 2188 1998 2232 ib.
2011 2200 2074 2247 ap.
2091 2186 2218 2233 eund.

859 2252 1196 2303 Exaue'tOratio
1235 2256 1537 2303 Vicariorum
1558 2287 1573 2310 ,
1612 2252 1707 2315 ‘qui
1737 2249 2016 2314 Apostolic'o
2050 2249 2218 2316 injuffu

859 2322 1043 2369 urbium
1066 2320 1385 2386 gubernacula
1406 2324 1715 2383 occuparant.
1748 2317 1810 2366 ib.
1833 2333 1900 2382 ap.
1923 2320 2049 2366 eund.

860 2404 1102 2453 Proceffus
1136 2413 1305 2454 contra
1345 2411 1637 2468 occupantes
1669 2403 1795 2450 bona
1837 2406 2077 2469 quondam
2107 2405 2216 2453 Dni.

858 2480 987 2519 Gentt
980 2475 1038 2518 lis
1064 2471 1357 2520 Cardinalis
1345 2487 1394 2517 in
1416 2470 1629 2518 Civitate
1650 2476 1823 2516 Lucana
1843 2473 2009 2537 apud
2023 2471 2216 2520 BALV

858 2540 1035 2585 NIVM
1058 2539 1290 2602 Paparum
1315 2539 1470 2586 Aven.
1482 2539 1534 2585 11.
1555 2554 1602 2604 p.
1618 2553 1725 2605 305.
1739 2538 1834 2605 sqq.
1861 2540 1911 2592 ὅ(
1933 2539 2219 2604 apudBZO·

857 2604 1036 2653 VIVM
1072 2605 1198 2653 adh.
1220 2621 1261 2653 a.
1291 2603 1347 2672 ᾗ
1363 2606 1468 2654 XII.

859 2687 917 2733 ad
937 2687 1368 2752 Archiepiscopum
1394 2687 1752 2738 Canturiensem
1790 2688 1840 2738 δε
1868 2687 2212 2754 suffraganeos,

856 2761 911 2801 ut
936 2754 1180 2871 Ἓὶίξξζιξε
1204 2756 1382 2804 Roberto
1401 2755 1667 2806 foederatos
1693 2759 2129 2806 excommunicent.
2152 2759 2215 2805 ib.

858 2837 933 2886 ap.
1099 2840 1117 2870 i

857 2906 916 2952 ad
937 2907 1135 2952 sanciam
1154 2907 1315 2956 Siciliae
1339 2911 1545 2970 Reginam
1568 2910 1862 2967 admonitio,
1884 2912 2012 2974 quod
2037 2908 2214 2958 castita-

853 2973 913 3019 tis
937 2980 1132 3031 votum,
1165 2977 1335 3023 marito
1357 2992 1458 3027 non
1482 2975 1795 3037 assentiente,
1829 2979 1937 3026 Deo
1961 2994 2062 3026 non
2083 2992 2214 3025 acce

855 3046 1042 3105 ptumi
1012 3040 1042 3088 s
1046 3048 1077 3090 t
1108 3043 1169 3091 ib.
1189 3058 1255 3107 ap.
1280 3044 1407 3093 eund.

1989 3109 2214 3175 Diploma
2305 3101 2309 3102 ⁷
