2471 3463
135 225 179 261 2.
194 189 735 282 {tapfiebenbeffiwraga
960 272 963 275 ἦ
983 181 1091 249 ven
1102 192 1169 243 St.
1180 191 1310 242 Petri
1319 191 1528 256 mrem.
1579 218 1593 224 w
1947 262 1953 265 s
2128 169 2259 260 ,ρξ’

55 321 251 385 gratiam
273 298 478 380 paternat
505 305 850 358 benedi&ionis
874 304 1436 370 intellgens,·meditatus
1458 304 1561 353 sum
1578 302 1722 352 notite
1746 313 1858 352 curn
1879 306 2026 356 corde
2046 297 2249 356 mem&
2329 309 2331 311 ’

56 385 318 434 excitabam
331 379 553 443 Spiritum
565 391 725 424 meum
788 374 848 422 sic
868 372 1059 439 pallium
1081 387 1191 419 cum
1211 372 1358 433 Joseph
1379 405 1394 430 ,
1441 387 1549 419 cum
1575 371 1778 417 Matthao
1796 370 2027 418 telonium
2048 400 2063 425 ‚
2098 366 2247 431 sindo-

53 452 165 500 nem
186 452 294 498 cum
318 446 508 506 Jobanne
532 476 548 500 ,
585 443 900 508 cupiditatum
921 439 1135 502 hydriam
1162 448 1270 488 cum
1295 441 1574 486 Samaritana
1599 434 2145 502 relinquere&abjurare
2168 435 2248 507 de:
2275 497 2283 505 ι

38 517 198 566 crevi.
263 514 458 563 Audivit
480 525 558 564 me
576 510 737 567 -Deus,
773 524 828 557 ac
851 506 1118 555 ambitionis
1141 509 1389 581 ardorem-3
1423 521 1569 573 quem
1586 507 1711 569 prius
1733 507 1783 551 in
1803 518 1881 551 me
1900 508 2136 551 torrentes
2149 512 2248 548 auri

53 585 104 634 ὃς
128 576 311 647 argenti
334 588 601 644 temperare
626 593 725 625 non
746 581 972 641 poterant
993 605 1008 631 ,
1053 587 1134 619 ros
1158 573 1323 621 divinae
1345 572 1651 620 miserationis
1670 569 1903 618 exstinxit.
1999 567 2248 617 Confirma

53 651 149 701 hoc
170 651 326 706 DeUS‚
363 647 491 712 quod
515 651 737 710 operatus
758 658 807 690 es
820 643 874 689 in
895 655 1001 696 me,
1037 653 1128 686 nec
1150 639 1304 686 redire
1326 652 1406 685 me
1428 638 1487 685 ad
1499 638 1764 694 vomitum,
1795 651 1886 684 nec
1898 651 2080 692 meam,
2102 649 2249 699 quam

50 709 254 766 destruxi
276 747 291 773 ‚
327 713 499 775 Jericho
518 709 797 759 reaedificare'
819 710 1059 773 permitte.
1126 706 1228 770 Ego
1251 703 1560 770 putidissimus
1586 704 1738 770 pulvis
1759 703 1810 754 <Sc
1831 703 2025 750 modico
2050 700 2162 749 flatu
2182 701 2251 760 di,

9 802 21 813 1
50 783 337 850 spergendus
358 783 406 830 in
418 788 616 835 ventOS,
651 777 825 840 utquid
845 774 1097 838 ampliores
1111 773 1296 822 divitias
1315 772 1612 820 anhelabam.
1683 771 1902 820 Modicus
1921 772 2094 819 venter²
2115 780 2250 814 meus

53 850 266 916 quotidie
285 850 480 898 modico
506 859 627 910 pane
650 850 909 890 contentus
933 840 999 888 est
1021 874 1035 898 ,
1074 843 1366 905 dederatque
1389 839 1504 888 mihi
1528 840 1657 888 Deus
1678 871 1694 897 ,
1728 839 1854 886 unde
1877 835 2062 902 singulis
2085 834 2249 882 diebus

52 932 162 966 cum
185 915 419 964 hilaritate
441 911 584 962 animi
604 909 653 959 ὅ(
674 910 834 974 quiete
854 910 1070 973 corporis
1092 907 1272 973 possem
1296 907 1485 972 pascere
1509 906 1686 955 multos
1709 905 1916 955 ventres.
1992 904 2252 966 Nunquam

27 1011 29 1016 ¹
49 983 211 1032 infelix
232 983 372 1040 debui
394 978 557 1030 venari
577 977 626 1025 ὅ(
648 977 848 1026 inveniri
869 978 915 1025 in
929 974 1084 1024 castris
1103 977 1152 1024 in
1177 976 1342 1024 animae
1363 975 1412 1026 ὅ(
1433 976 1648 1039 corporis
1671 973 1766 1022 mei
1778 973 2002 1027 exitium,
2033 978 2086 1017 ut
2098 967 2252 1034 pasce-

48 1065 154 1098 rem
176 1048 524 1096 multitudinem
545 1041 872 1107 jumentorum
896 1042 944 1092 ὃ(
962 1043 1230 1091 hominum.
1297 1044 1555 1108 Nunquam
1577 1039 1952 1106 gloriahominis
1977 1036 2043 1086 est
2063 1037 2252 1102 pascere

53 1116 274 1164 homines
296 1115 344 1164 <Sc
361 1112 580 1178 jumenta
601 1143 617 1167 ,
653 1110 703 1160 ὅ(
726 1110 916 1158 averbo
940 1110 1032 1158 Dei
1053 1111 1103 1160 ὃς
1125 1110 1268 1158 acibo
1279 1110 1445 1158 animae
1456 1106 1676 1173 jejunare
1695 1106 1798 1170 Esclvl
1818 1121 1970 1154 venter
1994 1106 2077 1162 est,
2111 1102 2250 1177 dicit,

49 1183 243 1246 amplius.
311 1182 441 1229 Deus
470 1185 632 1227 autern
666 1178 792 1225 hanc
815 1177 863 1227 ὅ(
885 1177 1015 1225 hunc
1038 1177 1258 1226 destruet.
1357 1177 1508 1225 Porro
1545 1177 1681 1241 panis*
1699 1176 1808 1224 vitat
1839 1176 2085 1222 duraturus
2115 1168 2181 1217 est
2202 1184 2254 1215 m

50 1255 294 1297 aeternum.
364 1248 612 1295 Sementes
635 1245 858 1309 equidem
879 1277 894 1302 ,
933 1246 994 1292 de
1017 1260 1219 1310 quorum
1240 1245 1539 1293 innumerosa
1559 1242 1858 1291 multitudine
1880 1242 2129 1304 Magnates
2150 1234 2269 1312 Ῑ)1,ι”ι-.β

52 1317 224 1364 timum
245 1314 532 1380 gloriantur,
566 1312 755 1360 suorum
775 1320 1034 1360 venatores
1057 1313 1186 1369 sunt,
1204 1312 1268 1361 ·&
1287 1325 1494 1376 aucupes
1508 1310 1828 1359 dominorum.
1895 1307 2255 1364 Praedamemm

50 1383 330 1446 sequuntur,
366 1397 468 1428 non
488 1380 736 1435 homines,
773 1381 902 1442 quod
919 1393 980 1426 ex
1001 1394 1062 1426 eo
1086 1378 1446 1426 manifestissime
1464 1377 1640 1442 liquet,
1676 1377 1783 1442 quia
1806 1374 1937 1431 illos,
1976 1387 2095 1437 quos
2120 1371 2170 1418 in
2187 1369 2254 1417 di·
2276 1430 2279 1431 ⁷

50 1449 178 1496 vitiis
199 1448 523 1496 &honoribus
544 1444 715 1491 extulit
733 1444 926 1492 fortuna
947 1444 1232 1492 clementior
1251 1478 1264 1502 ,
1299 1459 1390 1491 nec
1416 1442 1725 1491 immorositas
1746 1441 1823 1491 illa
1844 1439 2070 1489 clientelae
2095 1438 2255 1486 secuta

53 1513 150 1571 est,
182 1514 295 1561 dum
317 1513 470 1560 adhuc
496 1525 729 1577 pauperes
742 1509 929 1568 essent,
964 1519 1018 1558 ut
1032 1511 1181 1558 *hodie
1203 1511 1531 1576 sequerentur,
1565 1511 1596 1558 fi
1618 1511 1666 1558 in
1689 1507 1973 1557 consimilem
1984 1506 2255 1562 reciderent:
2277 1532 2279 1535 f

50 1586 399 1645 paupertatem.
468 1579 560 1626 Pro
584 1578 675 1632 hac
693 1576 937 1627 vaniffima
956 1580 1218 1626 vanitatum
1242 1577 1444 1626 militant
1463 1575 1613 1626 hodie
1633 1576 1786 1625 miseri
1800 1574 1999 1623 ‘curiales
2021 1574 2071 1621 in
2090 1572 2254 1620 labore

53 1647 103 1695 ὅ(
125 1660 332 1694 aerumna
353 1678 369 1703 ,
419 1647 468 1694 in
485 1643 656 1709 vigiliis
687 1643 846 1692 multis
869 1676 884 1701 ,
939 1644 988 1691 in
1010 1645 1226 1709 periculis
1246 1647 1387 1701 >maris
1411 1678 1426 1702 ,
1461 1644 1678 1709 periculis
1707 1641 1955 1695 fluminum
1977 1673 1993 1698 ,
2037 1636 2254 1704 periculis

42 1714 287 1760 ‘montium
301 1745 315 1768 ,
350 1710 568 1777 periculis
591 1711 840 1775 pontium,
874 1711 1094 1775 periculis
1113 1712 1162 1758 in
1185 1710 1304 1759 falsis
1326 1711 1541 1759 fratribus
1556 1744 1570 1768 ,
1603 1711 1654 1758 in
1677 1709 1910 1757 mortibus
1928 1740 1944 1765 ,
1978 1707 2255 1771 frequenter

50 1777 425 1828 inconfraffione
450 1778 500 1828 ὅ(
522 1778 571 1824 in
596 1773 858 1824 lassitudine
878 1779 1093 1842 corporis
1114 1809 1133 1834 ,
1179 1785 1322 1841 atque
1344 1779 1392 1824 in
1407 1776 1503 1825 aliis
1523 1778 1633 1826 vitae
1655 1776 1990 1825 discriminibus
2012 1773 2061 1821 in
2086 1773 2253 1838 quibus

40 1841 256 1910 martyrii
277 1840 476 1910 gloriam
499 1851 820 1901 mererentur,
859 1843 887 1891 si
911 1844 1011 1891 h'aec
1035 1860 1124 1909 pro
1144 1844 1401 1892 CHRISTI
1423 1848 1618 1893 nomine
1638 1842 2074 1904 sustinerent3nunc
2092 1846 2254 1888 autem

48 1914 155 1961 sunt
183 1921 411 1977 martyres
432 1909 573 1975 hujus
597 1909 736 1960 seculi
760 1943 774 1967 ,
822 1910 1106 1976 professores
1137 1913 1333 1969 mundi,
1371 1910 1581 1977 discipuli
1602 1912 1741 1960 curiae
1761 1944 1777 1969 ,
1810 1907 1981 1958 milites
2002 1908 2219 1954 Karlikim'
2237 1939 2254 1965 ,
2340 1913 2349 1929 2

49 1994 137 2046 per
150 1979 318 2042 multas
341 1979 565 2045 siquidem
587 1977 914 2027 tribulationes
939 1986 1183 2027 merentur
1204 1979 1459 2027 infernum.
1529 1985 1593 2026 Vae
1612 2013 1628 2037 ,
1660 1981 1740 2042 qm·
1762 1977 1904 2025 trahit
1916 1980 2075 2039 jugum
2096 1976 2257 2038 iniqui-

50 2050 149 2092 tatis
173 2046 283 2100 ‚sic
304 2046 551 2113 Propheta
576 2046 690 2094 dicit
709 2077 726 2102 ,
771 2046 950 2093 intrant
960 2044 1071 2109 justi
1093 2062 1293 2110 regnum
1316 2045 1551 2094 coelorum
1576 2080 1592 2105 ,
1628 2047 1677 2094 hi
1699 2054 1859 2094 autem
1881 2060 1966 2110 per
1986 2042 2156 2091 multas
2178 2041 2257 2090 tri-

50 2113 316 2163 bulationes
339 2120 673 2162 conmemorat
694 2113 744 2160 in
762 2111 981 2160 funiculis
1002 2115 1290 2161 vanitatum*
1350 2115 1488 2181 Qid
1497 2115 1662 2176 prodest
1681 2114 1843 2161 homini
1862 2115 1890 2158 ?
1909 2113 1953 2172 fi
1973 2124 2112 2157 totum
2132 2125 2256 2155 mun·
2296 2170 2299 2171 ⁷

53 2181 155 2226 duni
177 2182 368 2226 lucretur
386 2212 401 2235 ‚
439 2183 587 2224 anima
606 2181 786 2239 verosuae
810 2182 1114 2226 detrimentum
1129 2183 1347 2243 patiatur.
1437 2180 1734 2229 Testimonio
1756 2178 2134 2228 SALOMONIS
2152 2191 2255 2224 non
2330 2224 2332 2227 .

2 2294 7 2298 s
52 2247 317 2312 proderunt
336 2246 506 2295 divitiae
527 2246 574 2292 in
597 2252 818 2309 tempore
839 2245 1060 2305 ultionis,
1083 2249 1212 2296 dives
1236 2250 1363 2297 enim
1385 2263 1494 2295 cum
1516 2249 1772 2303 interierit,
1789 2262 1889 2306 non
1909 2245 2059 2292 sumet
2073 2244 2254 2302 omnia,

6 2341 12 2346 -
53 2314 104 2362 ὅ(
125 2324 227 2361 non
248 2313 503 2361 descendet
524 2327 634 2360 cum
655 2326 715 2358 eo
736 2311 887 2375 gloria
910 2310 1026 2375 ejus.
1090 2315 1369 2377 Miserrimi,
1407 2315 1485 2378 qui
1509 2321 1697 2361 utemur
1731 2315 1780 2360 in
1808 2313 1979 2376 gaudio
2008 2311 2058 2361 &
2092 2311 2256 2375 quiete

50 2381 214 2436 bonis,
247 2395 348 2444 quae
369 2381 502 2444 supra
522 2394 716 2437 omnem
739 2377 1005 2427 nostrorum
1027 2383 1314 2446 exigentiam
1335 2381 1614 2428 meritorum
1628 2380 1766 2427 nobis
1785 2380 1935 2445 gratia
1948 2378 2113 2431 divinae
2124 2377 2258 2426 mise-

42 2441 245 2494 'rat'ionis
265 2446 475 2503 indulfit‚
509 2447 708 2494 libenter
730 2445 759 2492 si
779 2446 969 2510 quidem
989 2454 1180 2496 utemur
1193 2481 1208 2505 ,
1239 2449 1319 2496 sed
1339 2447 1531 2494 domina
1551 2447 1746 2495 ambitio
1766 2462 1866 2494 non
1888 2445 2137 2512 permittit,
2152 2460 2256 2511 quae

50 2514 111 2560 ad
135 2511 365 2576 majorem
392 2514 656 2562 divitiarum
679 2512 1033 2575 acquisitionem
1059 2511 1148 2561 nos
1172 2515 1348 2563 excitat
1372 2513 1621 2578 &semper
1639 2510 1801 2562 hiatus
1819 2513 2071 2578 ampliores
2083 2513 2252 2578 aperit.

12 2616 17 2619 1
49 2576 384 2628 Veruntamen
405 2595 568 2627 avarus
589 2595 688 2626 non
701 2579 923 2643 impletur
943 2583 1146 2643 pecunia
1167 2613 1182 2637 ,
1223 2581 1273 2629 ὅ(
1292 2581 1370 2645 qui
1392 2588 1518 2628 amat
1540 2581 1722 2629 divitias
1744 2580 1950 2630 fruEimm
1974 2596 2074 2630 non
2095 2579 2256 2645 capiet

52 2661 114 2694 ex
136 2646 217 2694 εἰς.
303 2647 448 2713 Apud
468 2647 688 2694 homines
713 2647 904 2710 quidem
926 2646 1028 2704 vilis
1051 2675 1066 2699 ‚
1106 2646 1184 2694 sed
1205 2649 1330 2712 apud
1353 2648 1510 2698 Deum
1530 2647 1761 2713 gloriosus
1782 2647 1848 2696 est
1867 2647 2031 2696 titulus
2052 2662 2254 2713 pauper-

10 2763 18 2765 ,
54 2714 180 2761 tatis.
249 2713 384 2771 Scio,
418 2715 525 2779 quia
548 2727 660 2769 em,
691 2715 771 2778 qui
791 2713 839 2760 in
852 2713 1134 2778 curiaRegis
1155 2722 1429 2773 morantur,
1466 2716 1541 2764 seu
1554 2715 2254 2781 potiusmoriunturspesregiae

53 2778 340 2830 liberalitatis
359 2782 634 2845 frequenter
656 2779 886 2828 exhilarat
898 2785 919 2836 ²,
966 2795 1068 2844 quae
1089 2781 1373 2846 quandoque
1393 2784 1443 2830 in
1466 2783 1643 2831 multos
1661 2781 1887 2832 munifice
1921 2781 1972 2831 &
1996 2781 2251 2847 magnifice

55 2844 100 2893 se
123 2845 363 2904 effundit,
387 2849 540 2914 sperat
562 2856 721 2895 autem
742 2847 1062 2912 unusquisque
1084 2847 1162 2895 fibi
1183 2858 1464 2898 eventurum
1478 2884 1493 2907 ,
1516 2851 1647 2915 quod
1665 2851 1798 2899 videt
1810 2848 2018 2915 pluribus
2031 2848 2256 2905 evenisse,

56 2912 136 2960 sub'
156 2912 278 2962 istius
303 2914 666 2980 exspestationis
690 2913 836 2962 dulcis
859 2914 907 2964 ὅ(
928 2912 1113 2964 ὶηνίἃπ
1136 2915 1300 2964 solatio
1321 2926 1351 2974 ,'
1381 2917 1571 2966 taediosa
1592 2917 1886 2966 deleniantur
1910 2949 1925 2977 ,
1957 2916 2118 2982 gravia
2136 2915 2253 2963 levi-

53 2987 192 3028 antur
213 3013 245 3037 ,.
266 2998 422 3030 amara
434 2981 707 3030 dulcescunt
725 3015 740 3038 ‚
776 2980 1012 3046 nostrique
1034 2989 1263 3049 martyres
1279 2983 1466 3034 labores
1492 3017 1508 3043 ,
1543 2985 1757 3049 quamvis
1775 2982 1947 3036 infirmi
1965 3016 1982 3043 ‚
2025 2976 2251 3049 expensas

57 3045 229 3106 etiam,
260 3050 476 3112 quamvis
496 3047 695 3109 infirmi,
729 3064 829 3101 non
851 3049 1069 3107 sentiunt.
1271 3112 1352 3180 ‘f
1781 3051 1783 3057 ’
1820 3077 1823 3081 ›
2078 3053 2085 3057 ”
2175 3067 2219 3160 S=

1273 3125 1313 3180 ὕ
1380 3131 1403 3180 3
2207 3125 2253 3160 ic
