2471 3463
0 195 5 252 ί
123 160 722 234 2.Cap.soebenbeQ}et>mge.
972 165 1081 214 von
1093 156 1162 207 st.
1172 155 1301 206 Petri
1313 155 1523 214 zzircbe.
2144 150 2262 222 '219
2310 181 2324 182 ff

0 301 3 346 j
53 283 263 348 spiritum
290 279 425 328 suum
468 276 518 326 &
543 273 700 336 fluent
722 289 879 339 aquic,
916 274 1018 322 imo
1040 271 1190 321 fluent
1212 269 1591 327 aromataillius,
1622 278 1675 317 ut
1697 271 1855 319 vestrae
1872 271 2036 336 opinio
2058 265 2268 328 sanfiiita-

0 390 1 396 ,
49 350 116 397 tis
137 344 361 396 eflundat.
385 380 391 381 ff
435 345 555 392 Meae
583 344 774 408 quidem
801 341 1147 389 exhortationis
1168 354 1363 404 campus
1384 337 1597 387 latissime
1620 345 1777 402 patet,
1813 339 1890 386 sed
1915 340 2095 386 irruens
2120 340 2265 400 oc-cu'q
2318 368 2323 371 -

0 420 1 438 ³
52 418 306 481 pationum
327 410 571 461 neceffitas
586 445 601 468 ,
636 410 972 474 &succingens
993 407 1240 472 epistolam
1262 408 1321 454 ad
1335 405 1673 470 compendium
1688 437 1703 460 ,
1727 406 1785 451 ad
1797 405 1882 452 alia
1895 421 1971 453 me
1987 406 2265 467 detorquet,

54 482 106 532 ἀ
127 481 250 530 filios
262 488 425 528 autem
449 479 731 526 obedientiae
755 476 941 533 vestrae,
973 473 1141 521 fratres
1161 474 1464 523 &nominos
1487 486 1622 519 meos
1643 487 1764 535 rogo
1783 473 1836 518 in
1864 472 2117 521 visceribus
2129 469 2269 535 JESU

54 549 318 597 CHRISTI
337 548 385 595 in
410 549 605 595 caritate
625 561 726 593 non
748 543 892 601 fieta,
941 542 1040 589 hoc
1064 541 1232 589 sentire
1247 543 1295 588 in
1321 541 1364 587 se
1380 573 1395 596 ,
1430 540 1560 603 quod
1573 537 1698 586 estin
1713 538 1994 587 CHRISTO
2015 538 2181 602 JESU,
2214 543 2287 587 ut·

55 615 174 664 ficut
187 632 276 681 pro
291 615 429 663 nobis
442 614 703 662 exinanivit
727 612 769 660 se
790 611 995 658 formam
1017 608 1268 673 suscipiens
1291 607 1408 655 servi
1421 639 1436 663 ,
1467 606 1526 653 sic
1540 605 1584 653 se
1599 621 1687 670 pro
1702 604 1892 654 Christo
1906 606 2155 655 humilient
2167 639 2183 662 ,
2217 611 2273 668 ut

58 683 338 748 obsequium
363 681 594 730 servitutis
618 680 878 727 exhibeant
899 710 912 734 ,
951 691 1127 740 corpus
1151 675 1281 723 suum
1302 673 1504 721 hostiam
1527 674 1685 722 vivam
1709 706 1724 729 ,
1765 672 2034 738 placentem
2048 674 2154 720 Deo
2169 707 2183 730 ,
2217 680 2274 721 ut

58 757 163 798 tota
176 766 343 798 eorum
355 749 617 797 sensualitas
632 748 850 795 oratione
862 742 1082 808 absorpta
1105 741 1280 806 spiritui
1303 738 1571 805 subjiciatur
1593 742 1652 788 ad
1678 740 1976 790 serviendum
1987 740 2094 801 Deo
2107 742 2273 789 viven-

55 819 126 878 ti..
178 816 255 865 Est
275 825 433 865 autern
455 815 715 863 sensualitas
738 811 905 860 mulier
918 844 933 869 ,
968 814 1026 859 ad
1040 826 1182 876 quam
1196 809 1391 866 dicitur,
1405 810 1454 855 (5
1472 810 1688 855 advirum
1700 823 1823 861 tuum
1837 809 1890 867 est
1903 808 2167 867 conversatio
2179 822 2275 861 tua,

54 892 257 950 totaque
277 900 388 933 caro
412 881 683 932 humilietur
704 915 719 938 ‚
780 887 912 928 totus
933 876 1199 927 intelleciws
1219 878 1489 942 captivetur
1511 877 1559 924 in
1579 878 1859 942 obsequium
1883 875 2152 924 CHRISTI.
2224 876 2278 925 In

57 951 232 1000 dixistis
253 959 451 1017 propter
465 964 657 998 carnem
683 947 884 1005 bellum,
919 948 1271 994 contendentes
1295 961 1396 993 non
1425 942 1517 992 esse
1542 946 1673 1010 quod
1699 943 1831 1000 estis,
1852 944 1914 994 ⁷&
1937 950 2276 1008 recuperantes

54 1019 244 1068 fortiter
267 1019 398 1082 quod
420 1018 466 1064 in
481 1018 630 1082 prima
652 1018 835 1081 origine
849 1013 1140 1081 perdidistis,
1176 1021 1230 1061 ut
1248 1013 1458 1078 rapiatur
1477 1027 1563 1077 per
1584 1011 1864 1061 violentiam
1893 1026 2094 1075 regnum
2127 1010 2282 1058 coelo-

48 1087 193 1143 rum,
228 1085 540 1135 &intrudatis
575 1099 665 1133 vos
691 1084 739 1131 in
760 1084 1090 1131 haereditatem
1121 1079 1406 1130 sanitorum.
1477 1080 1607 1128 Cum
1627 1077 2172 1143 Samaritanasreliquistis
2194 1079 2281 1142 hy-

55 1154 206 1201 driam
229 1152 624 1217 concupiscentiae
642 1184 657 1209 ,
691 1152 740 1200 ὅ(
760 1150 957 1199 in-vobis
973 1148 1257 1215 spiritualem
1279 1148 1453 1208 jericho
1482 1147 1776 1196 destruxistis.
1848 1148 2087 1211 Scriptum
2111 1146 2176 1193 est
2199 1162 2280 1194 au-

54 1228 155 1269 tem
179 1222 477 1278 ,MalediHus
503 1223 582 1283 qui
602 1220 829 1277 reedificat
852 1219 1038 1277 jericho.
1072 1266 1077 1269 ,
1129 1217 1208 1265 Tu
1233 1232 1349 1282 ergo
1371 1244 1384 1276 ,
1429 1215 1657 1265 cariffime
1678 1224 1815 1281 pater
1838 1249 1854 1272 ,
1900 1216 1979 1279 qui
2001 1213 2164 1261 dedisti
2185 1213 2283 1277 legi

20 1315 21 1319 =
56 1287 345 1352 Apostolicae
366 1303 589 1345 manum,
627 1288 707 1352 qui
731 1302 926 1349 manum
939 1294 1071 1334 tuam
1083 1284 1235 1333 misisti
1249 1288 1307 1332 ad
1319 1284 1492 1341 fortia,
1527 1292 1662 1332 utere
1688 1282 1882 1332 consilio
1910 1282 2199 1347 sapientum,
2230 1282 2282 1332 ὃς

48 1353 246 1419 conjice
259 1357 308 1402 in
320 1357 580 1419 compedes
605 1356 779 1419 pedem
804 1362 938 1401 tuum
959 1386 975 1410 ,
1012 1367 1104 1400 nec
1127 1353 1352 1399 accideris
1376 1350 1577 1400 avinclis
1600 1351 1705 1399 tuis.
1807 1348 2038 1405 Recolas,
2075 1349 2182 1413 quia
2207 1349 2281 1411 vir

60 1424 290 1472 obediens
319 1420 589 1469 testimonio
613 1421 821 1484 sapiente
847 1420 1058 1484 loquitur
1081 1417 1304 1467 vi&orias
1331 1420 1390 1466 de
1414 1418 1620 1466 Diabolo
1642 1451 1657 1475 ,
1695 1432 1781 1482 per
1806 1417 2090 1473 obedientiae
2115 1415 2282 1464 locum

62 1490 122 1537 de
147 1490 326 1536 mundo
340 1504 394 1536 ac
409 1490 468 1536 de
483 1488 526 1536 se
550 1488 650 1552 ipso
665 1488 927 1552 triumphat
949 1488 996 1534 in
1020 1486 1324 1535 CHRISTO.
1395 1487 1504 1533 Sine
1530 1486 1662 1533 omni
1683 1483 1858 1532 deluito
1882 1517 1895 1541 ,
1933 1483 2026 1532 fine
2048 1484 2179 1531 omni
2203 1498 2282 1531 ex-

50 1557 287 1630 ·ceRtione
311 1555 486 1603 faciant
506 1555 677 1618 regulae
690 1553 949 1620 professor,
988 1554 1118 1618 quod
1140 1551 1402 1617 injungitur
1426 1553 1531 1610 fibi,
1569 1556 1699 1616 quod
1720 1567 1862 1608 vero,
1894 1550 1974 1599 vel
1999 1550 2163 1615 quale,
2199 1548 2289 1600 vel

59 1632 290 1687 quantum
318 1621 398 1679 fit,
426 1624 564 1687 -quod
578 1619 859 1686 injungitur,
893 1637 994 1669 non
1016 1622 1264 1676 discernit,
1300 1620 1508 1684 alioquin
1532 1619 1767 1684 praesumit
1787 1619 2045 1666 comedere
2064 1619 2123 1665 de
2148 1617 2280 1682 ligno

58 1691 259 1749 scientiae
280 1688 592 1739 boni&mali.
663 1688 993 1736 Consideratio
1008 1688 1135 1734 enim
1157 1686 1491 1735 distributionis
1508 1686 1574 1734 est
1597 1701 1743 1751 penes
1770 1693 1955 1750 patrem
1969 1685 2250 1758 spiritualem
2265 1719 2280 1743 ‚

61 1758 142 1822 qui
165 1754 325 1805 omnia
352 1753 605 1819 dijudicat,
636 1754 731 1819 ipse
756 1755 1162 1802 autemanemine
1170 1751 1426 1817 judicatur.
1493 1753 1623 1802 Nihil
1646 1769 1762 1818 ergo
1786 1754 2017 1800 discernat
2038 1786 2052 1809 ,
2091 1752 2144 1800 fit
2165 1754 2281 1801 indi-

49 1826 261 1880 scretUS,
298 1831 353 1871 ut
375 1823 632 1887 intelligat:
671 1821 924 1879 fitstultus,
959 1829 1013 1869 ut
1035 1822 1205 1887 sapiat,
1238 1829 1534 1886 necreputet
1555 1820 2165 1886 injuriosumfiquacunque
2179 1836 2281 1869 cor-

55 1890 270 1946 refflone
293 1890 620 1948 contristetur,
659 1890 922 1946 averbere,
958 1890 1038 1954 qui
1059 1905 1144 1955 per
1166 1890 1355 1938 inanem
1378 1889 1588 1938 laetitiam
1602 1890 1958 1938 immoderatius
1979 1888 2280 1953 frequentat,

57 1960 102 2008 se
123 1958 296 2007 recolit
311 1957 563 2008 exceffiffe.
634 1963 777 2004 Omnis
798 1958 1019 2021 dtsciplina
1043 1961 1088 2003 in
1105 1960 1299 2021 praesenti
1319 1973 1473 2003 amara
1499 1959 1555 2017 est
1573 1989 1588 2014 ,
1621 1957 1700 2018 led
1720 1959 1764 2002 in
1782 1957 1938 2016 futuro
1950 1957 2069 2018 facit
2083 1958 2282 2018 frueflum

56 2028 371 2092 pacatissimum
395 2059 410 2084 ,
442 2024 624 2090 justitiae
648 2026 911 2074 lentescens
939 2027 986 2073 in
1010 2027 1085 2075 via
1107 2026 1319 2074 Domini.
1387 2026 1440 2072 In
1461 2025 1646 2090 pastore
1671 2025 1753 2073 suo
1778 2025 1938 2073 durius
1959 2025 2283 2090 increparisu-

64 2094 262 2151 stine-as,
298 2093 580 2141 stercoribus
607 2094 732 2140 enim
756 2095 904 2140 boum
928 2089 1205 2158 lapidandus
1229 2092 1294 2141 est
1307 2092 1471 2158 piger,
1533 2095 1631 2158 Qi
1655 2107 1773 2155 ergo
1798 2091 1956 2156 spiritu
1977 2092 2069 2139 Dei
2091 2093 2281 2141 ducitur

14 2167 32 2173 “
52 2176 172 2210 -cum
184 2162 534 2226 aequanimitate
547 2159 761 2206 sustineat
774 2159 1043 2224 magistrum
1056 2163 1397 2226 corripientem
1413 2194 1426 2217 ,
1465 2160 1554 2209 &fi
1571 2163 1686 2207 dura
1700 2160 1804 2206 sunt
1816 2160 1857 2206 ei
1871 2192 1885 2215 ,
1909 2174 2011 2222 quae
2032 2159 2162 2209 audit
2175 2192 2188 2216 ‚
2207 2174 2280 2218 re-

57 2236 204 2294 ·putet
217 2229 260 2276 se
271 2227 534 2275 durioribus
547 2225 637 2273 effe
652 2227 867 2290 dignum,
933 2228 1117 2284 Bessos,
1155 2229 1334 2291 inquit,
1354 2224 1658 2280 dileffiffimi,
1681 2227 1945 2290 segregavit
1966 2226 2094 2273 Deus
2116 2226 2164 2274 in
2186 2227 2279 2281 hae-

61 2297 315 2344 reditatem
326 2294 432 2352 fibi,
467 2293 807 2342 utlaetenturin
822 2294 1097 2342 haereditate
1117 2295 1378 2344 electorum
1394 2294 1581 2342 suorum
1596 2326 1611 2350 ,
1628 2308 1755 2343 scum
1777 2292 1994 2341 bonitate
2018 2293 2122 2350 sua,
2160 2293 2189 2341 fi
2212 2301 2284 2349 ta-,
2360 2317 2368 2347 ῑ

63 2378 179 2410 men
193 2378 293 2411 non
306 2361 548 2427 accepistis
567 2359 977 2441 iterumwitum
990 2359 1127 2425 hujus
1138 2363 1318 2428 mundi.
1386 2360 1558 2407 Ponite
1585 2361 1731 2408 corda
1747 2358 1899 2409 vestra
1921 2359 2058 2426 super
2079 2362 2179 2410 vias
2198 2378 2279 2412 ve-

65 2429 176 2477 stras
197 2462 212 2489 ,
250 2444 312 2477 ne
330 2429 419 2476 sitis
443 2437 567 2477 terra
586 2424 804 2492 proxima
829 2427 1213 2478 maledifflonem
1235 2462 1250 2486 ,
1296 2443 1438 2493 quam
1460 2428 1953 2492 percutietDominus
1987 2429 2161 2493 Spiritu
2185 2432 2276 2486 oris
2360 2480 2363 2481 γ
2430 2434 2433 2435 ’

52 2497 147 2545 sui.
235 2495 458 2544 Recolite
482 2528 496 2552 ,
538 2498 649 2559 quia
669 2510 768 2542 non
790 2494 939 2542 solum
961 2497 1101 2543 arbor
1117 2529 1143 2553 ,ἶ
1169 2511 1271 2559 quae
1293 2493 1468 2543 fruitus
1490 2493 1643 2543 malos
1666 2495 1807 2553 facit,
1859 2495 1937 2542 sed
1958 2499 2099 2544 etiam
2122 2530 2137 2554 ,
2174 2513 2277 2562 quae

53 2561 242 2612 >frusstus
268 2565 424 2611 bonos
449 2579 549 2610 non
562 2563 700 2619 facit,
735 2563 1007 2618 excidetur,
1043 2562 1091 2611 <Sc
1112 2564 1329 2626 inignem
1341 2569 1563 2626 ponetur.
1611 2558 1794 2611 *Securis
1807 2565 1981 2627 quidem
1997 2565 2126 2626 postca
2151 2567 2208 2624 est
2221 2565 2283 2612 ad

56 2632 280 2688 radicem,
317 2630 501 2680 &arbor
509 2632 594 2690 [ive
605 2630 861 2689 adaustrum
879 2630 968 2689 five
980 2629 1290 2695 adaquilonem
1315 2631 1541 2685 ceciderit,
1575 2631 1636 2678 ibi
1653 2634 1754 2680 erit.
1820 2633 2045 2692 judicabit
2065 2635 2178 2680 enim
2188 2631 2276 2680 Do-

65 2702 209 2748 minus
223 2700 334 2761 finex
348 2711 497 2757 terrae,
535 2697 584 2744 (9⁴
611 2699 821 2745 hominem
845 2700 890 2743 in
912 2698 1101 2761 operibus
1121 2700 1207 2759 suis
1229 2698 1567 2761 comprehendit,
1605 2701 1717 2749 dum
1738 2700 1824 2751 vos
1849 2698 1994 2748 fuistis
2018 2701 2066 2748 iti
2090 2701 2244 2751 seculo
2259 2736 2274 2760 ,

67 2767 242 2815 nullam
263 2775 433 2816 contra
455 2783 542 2817 vos
564 2766 789 2815 invidiam
811 2765 955 2814 hostis
979 2762 1198 2831 antiquus
1213 2767 1453 2825 exercuit,
1487 2784 1588 2817 non
1602 2770 1729 2817 enim
1741 2783 1826 2816 eos
1839 2768 2113 2833 impugnat,
2155 2785 2274 2834 quos

71 2833 163 2882 effe
185 2835 289 2882 suos
301 2850 385 2900 per
397 2851 597 2901 operum
611 2832 932 2882 testimonium
947 2841 1112 2898 putat3
1148 2849 1276 2885 nunc
1296 2849 1415 2883 vero
1430 2850 1540 2883 cum
1552 2837 1684 2884 videt
1707 2834 1833 2884 idola
1849 2835 1926 2883 lua
1943 2828 2083 2897 juxta
2095 2836 2274 2902 templa

66 2902 266 2970 mutari,
302 2902 406 2967 post
419 2902 597 2954 missam
610 2903 814 2967 praedam
829 2900 951 2967 quali
965 2899 1042 2948 leo
1055 2902 1242 2966 rugiens
1266 2902 1460 2960 circuit,
1496 2903 1616 2953 &ad
1628 2919 1795 2952 omnes
1819 2902 2030 2950 nocendi.
2049 2911 2171 2951 artes
2193 2919 2270 2952 ex-

57 2967 278 3032 ploratur
298 2971 462 3019 anxius
485 2971 589 3018 suas
599 2971 819 3019 versutias
833 2969 1142 3017 circumducit
1152 3003 1167 3028 ,
1192 2984 1336 3035 quem
1348 2985 1466 3019 vero
1480 2973 1538 3019 de
1553 2970 1670 3018 statu
1685 2970 1984 3026 conscientiae
1992 2969 2147 3018 subito
2160 2986 2272 3035 prae-

68 3035 266 3100 cipitare
286 3052 386 3086 non
408 3037 564 3103 potest
585 3070 601 3097 ,
648 3038 927 3104 quibusdam
957 3037 1372 3103 imaginationibus
1387 3037 1649 3088 fantasticis
1670 3037 1877 3089 latenter
1906 3038 2271 3105 obrepentibus,

1235 3103 1320 3163 ἐξ
1354 3119 1386 3154 2
2151 3120 2266 3171 pauf
2322 3107 2327 3109 ”
