2471 3463
45 221 234 287 ‘2.Cap.
265 201 450 280 fiebenbe
472 214 711 285 θώων
949 225 1056 276 ’oon
1088 219 1156 271 St.
1179 220 1306 273 Petri
1324 221 1519 285 fiscan.
2075 199 2190 288 2275
2224 205 2225 213 ἵ

27 380 31 387 =
146 352 303 418 cipit:
324 349 738 413 AUGUSTINUS
761 352 810 400 in
833 352 1042 419 quodam
1064 351 1280 401 sermone
1295 355 1343 406 ὃς
1356 318 1737 406 NICODEMUS
1756 356 1805 403 in
1825 353 2084 420 Evangelio
2097 354 2207 407 suo·-

20 477 23 482 Υ
92 473 97 483 .‚
133 417 322 488 ,(Εῆἰεβε
349 417 572 472 massnben
596 436 641 485 p.
667 420 881 485 198.sqq.
904 415 1161 483 angeftibret
1180 418 1272 484 ist.)
1296 434 1302 439 ’
1416 424 1432 428 ““

0 508 3 517 ’
50 489 136 564 48
160 498 334 546 Sermo
359 498 417 545 de
446 499 687 562 animabus
710 497 816 564 post
837 496 1007 546 festum
1032 493 1208 545 Pasche
1230 500 1527 548 conveniens
1546 497 1701 561 super:
1729 496 1962 547 Omnium
1991 497 2096 547 finis
2114 513 2194 563 ap-

145 566 562 632 propinquabitur,
610 565 761 614 estote
779 567 940 630 itaque
964 564 1221 629 prudentes
1245 565 1295 615 ὅ(
1317 565 1510 630 vigilate
1537 566 1587 613 in
1620 565 1930 618 Orationibus
1959 581 1976 614 1
1993 567 2094 616 Pet.
2108 567 2203 616 IV.

136 636 338 699 Incipit:
375 631 571 681 Sancius
593 635 707 683 dicit
729 630 1120 681 GREGORIUS.

42 729 126 776 49.
145 715 312 763 Sermo
333 715 392 761 de
412 711 590 761 Sancstis
614 711 717 776 post
741 711 916 759 Pascha
931 710 1079 773 super:
1113 709 1315 759 Stabunt
1327 707 1440 775 justi
1463 710 1708 777 inmagna
1740 709 2004 761 constantia
2028 713 2194 764 adver·

150 781 220 830 sus
246 797 346 830 eos.
371 782 551 844 Incipit:
587 781 804 829 Verbum
829 779 928 826 hoc
940 777 1037 825 duo
1061 777 1290 843 implicat.

50 879 123 926 50.
143 865 309 912 Sermo
322 865 375 912 II.
396 864 540 926 snper:
563 863 747 909 Induite
772 877 860 910 vos
886 869 1120 917 armatura
1132 861 1323 917 Dei‚ut
1345 859 1524 925 postitis
1537 859 1743 909 resistere
1768 862 1983 913 adversus
2011 862 2192 913 infidias

140 930 487 999 diabolipres.
500 929 585 978 VI.
608 932 790 994 Incipit:
828 929 1032 980 Militem
1055 928 1296 978 strenuum
1321 930 1369 978 ὃς
1392 928 1602 994 pugilem
1625 928 1836 980 do&um.

46 1026 122 1074 51.
142 1013 304 1059 Sermo
320 1012 391 1059 ΙΙΙ.
412 1010 559 1072 super:
594 1011 695 1075 Ego
722 1010 821 1058 sum
849 1011 956 1060 vitis
993 1025 1108 1061 vera
1130 1009 1180 1059 ὅ(
1204 1016 1342 1074 pater
1363 1025 1498 1058 meus
1519 1008 1729 1074 agricola
1748 1011 1856 1074 Joh.
1871 1011 1987 1060 XV.
2010 1010 2190 1075 Incipit:

146 1076 358 1126 Christus
380 1075 459 1125 hic
485 1078 573 1125 tria
598 1079 728 1127 dicit.
878 1098 881 1099 ⁷
1069 1091 1082 1094 “

43 1159 118 1207 52.
137 1147 303 1192 Sermo
319 1147 401 1194 IV.
414 1152 550 1209 aptus
563 1146 621 1193 de
646 1144 860 1211 quolibet
881 1144 1041 1194 sancito
1057 1146 1183 1211 super
1196 1162 1207 1190 ε
1220 1146 1323 1211 Ego
1339 1145 1438 1193 su'm
1452 1145 1560 1194 vitis
1573 1175 1588 1202 ‚
1602 1162 1692 1196 vos
1710 1146 1940 1213 palmites.
1964 1145 2190 1210 jthV.

138 1214 320 1275 Incipit:
358 1214 488 1261 Sicut:
511 1213 690 1262 dieium
714 1216 762 1261 in
793 1214 953 1277 priori.
1233 1254 1238 1256 e
1875 1223 1890 1225 ”

27 1293 116 1342 53.
137 1281 305 1327 Sermo
317 1282 350 1328 I.
375 1282 433 1328 de
458 1282 501 1328 S.
517 1282 760 1330 MARCO
773 1283 900 1344 super
924 1299 937 1328 :
975 1279 1172 1329 Catulus
1193 1280 1372 1328 Leonis
1396 1279 1516 1344 Juda
1542 1280 1635 1331 ἃς.
1668 1280 1792 1330 Gen.
1804 1281 1984 1330 XLIX.
2008 1281 2189 1345 Incipit:

137 1348 275 1395 Licet
295 1363 389 1395 una
422 1347 474 1395 fit
495 1350 693 1397 materia
725 1358 930 1413 quatuor
959 1347 1373 1412 Evangelistarum.

41 1429 115 1477 54.
133 1415 537 1527 Sermofflnper:
573 1417 632 1463 de
655 1418 949 1463 comedente
969 1416 1119 1463 exivit
1142 1416 1273 1463 cibus
1300 1415 1349 1464 ὃς
1369 1414 1428 1461 de
1451 1414 1565 1462 forti
1589 1414 1763 1480 egressa
1787 1414 1852 1463 est
1877 1415 2096 1464 dulcedo,
2116 1421 2189 1464 In-

136 1483 268 1544 cipit:
416 1481 536 1545 pson'
557 1480 750 1529 leonem
774 1481 1078 1529 interficiens.

41 1550 294 1610 55.Sermo
307 1549 536 1611 HLsuper:
571 1549 670 1615 Qi
694 1556 857 1597 manet
880 1551 928 1598 in
949 1564 1028 1597 me
1049 1548 1099 1598 δε
1115 1564 1209 1613 ego
1232 1548 1282 1596 in
1306 1563 1364 1595 eo
1384 1548 1462 1596 hic
1487 1548 1602 1597 facit
1621 1547 1830 1598 frufi'cum
1853 1550 2070 1602 multum.
2112 1557 2188 1601 In-

141 1618 270 1678 cipit:
306 1616 428 1662 Ecce
454 1615 571 1663 teste
593 1617 806 1664 Domino
831 1616 924 1664 fine
949 1631 1009 1664 eo
1029 1616 1145 1664 nihil
1166 1615 1607 1680 poffumuscfacere.
1678 1676 1680 1681 Ι

43 1684 118 1743 56.
153 1683 364 1730 SermoI.
379 1683 438 1729 de
451 1683 528 1730 SS.
543 1682 833 1730 PHILIPPO
857 1683 906 1732 <Sc
925 1683 1185 1747 JACOBO
1206 1682 1464 1747 Apostolis,
1475 1683 1620 1745 super:
1637 1684 1846 1732 Domine
1865 1683 2082 1734 Ostende
2095 1702 2183 1735 no-

134 1751 202 1797 bis
221 1749 406 1797 Patrem
431 1748 480 1798 &
504 1747 667 1797 sufficit
687 1750 825 1797 nobis
848 1750 959 1813 Joh.
972 1751 1105 1798 XIV.
1130 1752 1312 1812 Incipit:
1330 1749 1535 1797 Multum
1556 1750 1788 1799 salutifera
1813 1750 1878 1799 est
1898 1751 1977 1800 ista
1997 1755 2185 1818 petitio.

21 1818 116 1878 '57.
141 1818 309 1864 Sermo
321 1817 373 1863 Η.
393 1818 542 1878 super:
588 1816 897 1874 PHILIPPE,
936 1817 1017 1880 qui
1037 1817 1158 1865 vidit
1178 1832 1256 1865 me
1282 1817 1415 1865 videt
1438 1818 1485 1866 ὅ(
1508 1817 1697 1866 Patrem
1720 1819 1980 1883 jonxlv.
2005 1823 2184 1885 incipit:

130 1883 215 1932 Ista
235 1886 380 1933 verba
400 1884 658 1949 respondet
681 1885 915 1934 Dominus
937 1883 1160 1949 Philippo
1188 1886 1388 1950 petenti.

39 1952 297 2014 58.·Sermo
310 1952 382 2000 111.
405 1953 548 2016 super:
584 1952 746 2000 Tanto
769 1959 990 2017 tempore
1011 1953 1255 2002 vobiscum
1273 1953 1398 2015 sum,
1413 1952 1462 2002 ὃς
1477 1968 1578 2002 non
1610 1953 1878 2019 cogniscitis
1891 1954 2182 2022 me,Philip-

135 2034 197 2084 pe
210 2020 315 2084 ,qui
338 2020 469 2068 videt
489 2034 583 2067 me.
603 2021 772 2084 Incipit.
805 2021 856 2067 In
874 2021 948 2069 his
973 2021 1130 2070 verbis
1155 2021 1243 2068 tria
1262 2019 1584 2070 notificantur.
1646 2064 1651 2082 2

41 2101 116 2148 59¹.
140 2087 306 2134 Sermo
326 2087 359 2134 1.
384 2089 442 2134 de
467 2088 748 2136 inventione
763 2088 806 2134 S.
823 2087 1005 2136 Crucis.
1028 2095 1184 2151 Super:
1221 2088 1470 2137 Laventur
1492 2090 1641 2153 pedes
1663 2088 1803 2138 vestri
1827 2088 1874 2139 ὅ(
1890 2090 2178 2156 requiescite

132 2152 210 2200 sub
234 2154 400 2200 arbore
423 2152 548 2200 Gen.
562 2156 738 2201 XVIII.
750 2157 927 2217 Incipit:
949 2154 1034 2203 Ista
1052 2157 1200 2204 verba
1224 2156 1342 2203 dixit
1360 2157 1619 2204 Abraham.

35 2222 114 2267 60.
134 2218 300 2266 Sermo
314 2220 368 2266 ΙΙ.
403 2220 528 2282 super
555 2234 567 2262 ε
605 2220 846 2270 Clamavit
868 2222 1053 2287 Moyses
1076 2224 1137 2273 ad
1157 2224 1416 2271 Dominum
1444 2256 1458 2280 ,
1493 2224 1573 2288 qui
1595 2221 1799 2271 ostendit
1820 2225 1862 2271 ei
1881 2223 2061 2288 lignum
2084 2223 2176 2274 &c-

88 2293 91 2295 ’
128 2287 280 2335 Exodi
291 2288 406 2334 XV.
419 2289 601 2350 Incipit:
639 2287 724 2335 Ista
743 2290 891 2337 verba
912 2291 1078 2339 sonant
1099 2292 1157 2338 ad
1180 2292 1225 2339 S.
1238 2290 1405 2342 Crucis
1426 2290 1772 2338 inventionem.

35 2355 112 2403 61.
132 2355 298 2421 Sermo
312 2355 384 2402 ΠΙ.
408 2356 561 2418 super:
597 2355 828 2403 Produxit
851 2357 1080 2406 Dominus
1103 2359 1232 2417 Deus
1270 2359 1329 2405 de
1362 2358 1512 2417 humo
1536 2371 1680 2404 omne
1703 2356 1882 2422 lignum
1907 2358 2174 2422 pulchrum.

134 2424 313 2484 Incipit:
336 2423 458 2469 Ecce
481 2420 796 2486 produffione
820 2425 972 2473 omnis
992 2424 1121 2489 ligni.
1542 2424 1545 2425 ⁷

36 2490 114 2536 62.
138 2490 304 2536 Sermo
327 2490 361 2536 Ι.
398 2491 456 2536 de
479 2490 843 2552 S.JOHANNE
864 2490 1156 2556 Evangelista
1178 2492 1227 2542 ὅ(
1251 2500 1361 2540 ante
1395 2496 1585 2555 portam
1608 2489 1802 2540 latinam
1822 2499 1952 2554 Super
1986 2507 1997 2536 :
2031 2492 2171 2540 Dabo

134 2556 508 2605 consolationem
532 2557 800 2620 lugentibus
821 2558 937 2606 Sion
960 2559 1008 2608 ἃ
1032 2560 1154 2606 dabo
1179 2561 1243 2607 eis
1265 2574 1493 2607 coronam
1508 2572 1597 2622 pro
1620 2560 1806 2616 cinere,
1832 2560 1989 2607 oleum
2014 2560 2173 2624 gaudii

133 2639 222 2690 pro
246 2622 401 2681 luotu,
437 2624 486 2673 ὅ(
507 2623 697 2689 paili'um
720 2624 866 2672 laudis
887 2641 975 2690 pro
998 2627 1171 2691 Spiritu
1195 2627 1428 2675 moeroris,
1457 2628 1641 2690 Incipit:
1677 2625 1763 2675 Ista
1786 2629 1929 2677 verba
1954 2628 2172 2676 dicuntur

131 2693 192 2739 de
214 2692 434 2739 omnibus
465 2692 544 2757 qui
574 2691 913 2741 contestantur.

18 2759 63 2806 .6
71 2774 111 2829 3.
134 2760 299 2807 Sermo
312 2761 365 2808 ΙΙ.
387 2767 536 2822 Super:
574 2759 672 2824 Qui
692 2758 820 2808 doffi
840 2760 1035 2809 firmiter
1060 2760 1308 2827 fulgebunt
1331 2760 1446 2810 ficut
1469 2759 1549 2811 sol.
1571 2763 1753 2827 Incipit:
1788 2763 1885 2829 Qi
1907 2763 1957 2811 in
1975 2761 2171 2827 praesen-

99 2827 135 2873 ti
155 2827 252 2874 vita
282 2829 330 2875 iri
352 2829 619 2876 virtutibus.

32 2893 111 2955 64.
147 2894 394 2944 Sei-mom.
417 2897 536 2957 super
573 2895 717 2945 verba
737 2895 958 2944 Danielis.
1055 2897 1109 2944 In
1131 2897 1292 2945 medio
1317 2897 1431 2946 sedis
1453 2897 1502 2947 Sc
1523 2898 1571 2946 in
1584 2898 1782 2946 circuitu
1801 2897 1917 2946 sedis
1967 2905 2169 2961 quatuor

131 2962 360 3012 animalia.
394 2966 574 3027 Incipit:
593 2965 644 3019 In
665 2964 823 3013 verbis
846 2963 937 3012 istis
963 2978 1214 3012 monemur
1235 2966 1292 3013 ad
1313 2972 1530 3030 quatuor.
2006 3009 2009 3010 γ

34 3028 112 3088 65.
149 3028 316 3092 Sermo
331 3033 362 3079 Ι.
386 3033 444 3080 de
459 3033 706 3081 nativitate
726 3031 1047 3099 JOHANNIS
1069 3032 1280 3098 Baptistae
1299 3034 1421 3098 supa·
1435 3052 1446 3080 :
1461 3033 1565 3081 Una
1579 3034 1675 3082 dies
1686 3031 1809 3082 facia
1829 3031 1894 3079 est
1914 3030 2037 3097 quali
2050 3031 2168 3078 duae.

135 3095 623 3152 EcclefiasticiXLVI.
646 3102 830 3165 Incipit:
862 3099 948 3151 Ista
968 3102 1114 3222 νεϊῑὲῧι
1135 3102 1355 3159 dicuntur
1369 3102 1427 3151 de
1439 3101 1577 3166 Josue
1598 3099 1854 3151 sueceffore
1867 3097 2034 3213 Moygfig
2067 3164 2097 3211 S

1066 3208 1081 3222 ,
1109 3170 1188 3225 {m
1221 3184 1251 3219 2
2036 3200 2048 3212 .
2102 3177 2170 3212 er-
