2471 3463
223 222 315 271 130
472 279 475 282 Α
797 282 799 284 q
901 204 1174 262 urruntsm
1204 208 1311 262 unt>
1337 205 1690 268 ‘etam-wan
2140 197 2381 273 3.1³er10'd.
2412 171 2444 227 ’-

2263 296 2410 310 ..--.-,

212 339 330 388 rima
353 339 624 387 mulierum:
662 338 806 402 qualis
827 334 893 383 est
918 332 1110 384 dile&us
1132 342 1238 384 tuus
1265 348 1325 382 ex
1350 332 1525 383 culed-0
1541 334 1562 394 ,'
1582 337 1689 400 quia
1709 336 1767 385 fic
1796 335 2011 401 adjurasti
2032 353 2134 390 nos.
2198 335 2408 389 Dileecus
2450 344 2452 346 ’

208 421 347 455 meus
367 406 590 454 candidus
613 404 663 454 &
683 405 968 453 rubicundus
993 400 1167 450 electus
1193 417 1252 449 ex
1274 400 1490 450 millibus.
1590 402 1720 451 Talis
1756 403 1822 452 est
1853 404 2048 454 dile&us
2072 420 2206 453 meus
2239 404 2290 455 δε
2314 405 2408 470 ipse
2431 465 2444 470 ss

209 473 276 521 est
300 474 475 522 amicus
499 487 649 530 meus,
673 471 764 519 filie
776 468 1039 535 Jerusalem·
1113 469 1228 534 Qo
1253 470 1367 517 abiit
1379 467 1575 518 dileE'ms
1598 477 1730 527 tuus,
1764 485 1794 517 ο
1818 471 2132 536 pulcherrima
2145 470 2408 529 mulierum*

208 541 275 589 est
293 539 488 589 dilettus
509 547 615 587 tuus
640 555 699 586 ex
721 536 892 587 dile6³co
916 538 1022 602 quia
1043 535 1103 584 fic
1126 534 1342 599 adjurasti
1363 552 1467 584 nos.
1542 536 1749 585 Dile6³ms
1781 553 1913 585 meus
1964 541 2187 588 candidus
2220 540 2267 589 ὅ(
2289 539 2401 587 rubi·

208 609 388 657 cundus
411 605 587 655 elesius
625 622 686 654 ex
712 622 807 671 quo
839 605 1096 652 declinavit
1128 603 1322 652 dileetus
1357 612 1464 652 tuus
1489 605 1538 654 ὅ(
1565 620 1817 668 queremus
1846 620 1956 653 eum
1992 613 2167 654 tecum.
2250 606 2471 672 Qamss'ss·

205 676 404 741 pulchra
426 674 476 723 ὃς
498 690 638 738 quam
674 675 851 720 dedora
882 669 1106 719 cariffima
1130 673 1176 719 in
1200 672 1374 723 deliciis
1396 706 1411 729 ,
1460 671 1631 719 statura
1666 681 1744 720 tua
1783 668 2138 721 affimulataest
2169 673 2334 738 palmae
2359 673 2408 723 ὅς

205 745 350 791 ubera
373 750 452 790 tua
471 743 643 789 botris:
676 741 921 787 ascendam
945 739 994 785 in
1022 738 1225 803 palmam
1249 740 1298 789 ὅ(
1319 740 1674 804 apprehendam
1694 739 1871 788 fruetus
1893 739 1992 804 ejus
2024 741 2073 790 ὅ(
2095 750 2232 790 erunt
2263 741 2408 788 ubera

204 818 289 858 tua
309 809 425 858 ficut
445 810 568 857 botri
597 808 725 856 vinie
746 806 771 833 *
801 807 850 856 ὃ(
875 808 998 854 odor
1015 807 1109 853 oris
1130 809 1197 853 tui
1220 806 1350 855 sucut
1374 808 1495 854 odor
1517 806 1753 854 malorum
1778 825 1790 855 ε
1838 816 2003 872 guttur
2036 815 2171 855 tuum
2190 808 2317 855 &ficut
2338 808 2406 856 vi-
2450 806 2471 849 ’.

201 894 319 927 num
342 877 576 941 optimum
600 907 616 932 ‚
657 877 850 940 dignum
875 871 1049 922 dileeto
1069 888 1182 921 meo
1208 875 1265 921 ad
1287 875 1554 939 potandum
1579 892 1593 922 z
1629 875 1855 939 labiisque
1880 875 1929 924 ὅ(
1954 876 2173 923 dentibus
2205 874 2322 922 illius
2348 875 2424 922 ad'
2446 871 2469 934 ξ,

199 944 548 995 ruminandum.
616 943 717 1006 Ego
741 940 914 993 dilecsto
934 955 1045 988 meo
1069 941 1118 990 <Sc
1141 943 1198 988 ad
1217 957 1296 989 me
1320 942 1567 989 conversio
1590 939 1704 1004 ejus.
1775 943 1930 999 Veni,
1965 940 2135 991 dileeoe
2159 943 2223 990 mi
2240 975 2254 999 ‚
2276 957 2405 1006 egre·

200 1015 381 1062 diamur
401 1011 449 1057 in
472 1025 635 1075 agrum
657 1023 1013 1058 commoremur
1045 1009 1093 1056 in
1114 1008 1231 1057 villis
1260 1024 1400 1057 mane
1424 1010 1658 1073 surgamus
1684 1010 1744 1056 ad
1760 1010 1922 1058 vineas
1945 1044 1960 1065 ‚
2002 1010 2246 1057 videamus
2270 1009 2298 1056 fi
2320 1007 2405 1056 floa
2444 1016 2458 1061 :f

198 1082 293 1129 ruit
313 1080 452 1129 vinea
478 1096 492 1124 ε
542 1077 572 1125 fi
595 1076 736 1125 flores
759 1076 936 1126 fruitus
960 1077 1192 1141 perturiut
1226 1080 1251 1140 †
1283 1077 1311 1124 si
1344 1076 1607 1125 floruerunt
1652 1076 1775 1124 mala
1813 1078 1985 1141 punica
2005 1112 2019 1134 ‚
2067 1079 2130 1126 ibi
2161 1077 2285 1124 dabo
2321 1077 2404 1124 tibi
2450 1123 2452 1126 ,

198 1151 343 1195 ubera
365 1159 496 1193 mea:
533 1160 663 1210 pone
686 1159 765 1192 me
784 1152 838 1191 ut
861 1143 1145 1208 signaculum
1167 1144 1304 1210 super
1323 1160 1408 1193 cor
1428 1153 1590 1201 tuum,
1623 1151 1676 1192 ut
1698 1144 1980 1208 fignaculum
2001 1145 2134 1208 super
2158 1144 2404 1192 brachium

197 1224 361 1273 tuum,
403 1213 510 1278 quia
529 1213 663 1261 fortis
688 1210 754 1259 est
780 1220 835 1259 ut
854 1226 981 1259 mors
1003 1210 1210 1259 dileffio.

368 1279 502 1327 Grad
566 1310 584 1318 -
653 1305 673 1313 -
739 1309 757 1317 -
825 1280 1062 1326 Anxiatus
1084 1277 1151 1325 est
1175 1278 1310 1344 super
1328 1294 1406 1326 me
1423 1279 1602 1344 spiritus
1626 1294 1759 1326 meus
1782 1279 1829 1326 in
1843 1294 1921 1326 me
1942 1279 2186 1326 turbatum
2219 1276 2286 1325 est
2317 1293 2402 1326 cor
2446 1277 2448 1279 ’

193 1350 383 1406 meum&
416 1345 552 1393 multi
576 1347 702 1394 enim
722 1346 927 1411 gemitus
947 1346 1039 1391 mei
1064 1378 1080 1401 ‚
1113 1346 1163 1393 ὃ(
1183 1347 1492 1392 amaritudine
1515 1345 1698 1409 repleta
1722 1347 1833 1393 sum.

363 1415 525 1472 Versus.
595 1414 848 1461 Attendite
872 1410 1067 1459 universi
1091 1411 1258 1476 populi
1280 1412 1330 1460 ὅ(
1349 1414 1509 1459 videte
1534 1412 1750 1459 dolorem
1777 1427 1936 1459 meum
1958 1444 1974 1468 ,
2011 1410 2134 1458 oculi
2157 1412 2252 1458 mei
2273 1412 2401 1460 dese·
2458 1412 2460 1414 ’

194 1494 365 1534 cerunt
382 1496 468 1547 pre
487 1480 715 1537 lacrimis,
752 1479 1038 1528 conturbata
1059 1478 1163 1526 sunt
1187 1479 1346 1525 omnia
1368 1479 1545 1526 viscera
1570 1495 1691 1526 mea.

367 1551 556 1598 Traffus.
621 1549 737 1613 Spes
756 1562 892 1600 mea,
926 1545 990 1594 fili
1015 1546 1143 1593 Deus
1164 1546 1416 1595 hominum
1440 1578 1456 1603 ,
1489 1553 1540 1593 tu
1561 1546 1707 1593 dulcis
1730 1551 1929 1592 amator.

362 1617 524 1677 Versus.
588 1615 714 1672 Lux,
733 1615 809 1663 via
830 1648 845 1671 ‚
879 1614 1004 1670 vita,
1040 1613 1184 1671 salus,
1217 1613 1266 1662 &
1288 1615 1432 1661 decus
1455 1629 1600 1661 omne
1622 1622 1831 1661 tuorum.

363 1686 527 1745 Persea.
593 1684 772 1731 Omnia
802 1697 890 1746 pro
916 1696 1120 1746 quorum
1143 1679 1327 1728 voluisti
1350 1680 1472 1728 ferre
1495 1681 1639 1728 falute
1675 1715 1688 1738 2
1742 1694 1935 1727 carnem
1979 1678 2168 1728 vincula
2207 1695 2398 1729 crucem

191 1756 364 1805 vulnus.
383 1760 685 1815 mortemque
714 1748 993 1815 sepulcrum.

361 1822 521 1882 Versus.
589 1819 727 1866 Vivis
749 1816 796 1864 in
819 1823 1049 1864 aeternum
1072 1829 1198 1862 nunc
1221 1814 1268 1864 ὅ(
1301 1829 1386 1879 per
1419 1812 1568 1862 secula
1591 1827 1811 1877 regnans.

362 1887 661 1950 Evangelium.
730 1885 894 1932 Stabat
913 1881 1047 1946 juxta
1071 1897 1262 1929 crucem
1284 1882 1460 1945 Jhesus.

360 1960 493 2004 Credo
525 1956 700 2002 dicitur.
778 1951 1071 2012 offertorium.
1155 1950 1429 1996 Secundum
1462 1946 1812 1995 multitudinem
1842 1945 2062 1996 dolorum
2095 1963 2314 1998 meorum
2348 1951 2398 1999 in

191 2027 336 2076 corde
356 2040 467 2072 meo
491 2057 506 2080 ,
543 2020 892 2070 consolationes
915 2025 996 2065 tue
1024 2015 1373 2065 letificaverunt
1394 2016 1599 2063 animam
1621 2029 1793 2061 meam.

357 2099 511 2139 Secret.
583 2113 603 2121 -
669 2118 688 2126 -
755 2117 774 2124 -
841 2086 994 2133 Unice
1014 2084 1324 2131 miserationis
1343 2084 1471 2130 Deus
1493 2115 1508 2140 ,
1539 2083 1617 2145 qui
1642 2078 2024 2129 maledictionem
2047 2081 2195 2129 subire
2230 2084 2396 2148 digna-

187 2170 264 2209 tus
286 2177 361 2208 es:
397 2167 451 2207 ut
471 2172 558 2205 nos
581 2155 609 2203 a
631 2151 881 2202 malediGm
905 2152 1022 2217 legis
1047 2159 1203 2199 morte
1224 2159 1305 2198 tua
1326 2164 1514 2197 erueres
1529 2182 1543 2205 ‚
1563 2150 1808 2214 quesumus
1820 2156 1873 2194 ut
1892 2148 2033 2195 facias
2056 2150 2298 2197 nobiscum
2312 2151 2395 2198 mi-

188 2227 481 2276 sericordiam
506 2230 705 2289 propter
724 2221 1072 2269 misericordem
1095 2226 1295 2266 matrem
1319 2252 1334 2276 ,
1385 2232 1480 2282 que
1523 2217 1607 2264 tibi
1647 2215 1845 2280 patienti
1870 2213 2106 2278 compassa
2126 2215 2245 2264 suit:
2294 2217 2342 2266 &
2368 2217 2396 2264 a

191 2294 466 2344 confusione
489 2290 760 2345 hostiumr&
781 2289 807 2336 a
829 2294 985 2335 morte
1008 2294 1240 2351 perpetua
1261 2285 1533 2333 liberemur.
1602 2285 1707 2349 Qi
1725 2299 1820 2327 cum
1843 2287 1930 2327 Deo
1950 2286 2083 2328 Patre
2105 2285 2156 2327 (5
2157 2301 2192 2331 c.

357 2361 609 2408 communio,
682 2353 1092 2421 Congratulamini
1119 2353 1234 2401 mihi
1259 2351 1471 2400 Christus
1494 2351 1612 2400 filius
1636 2351 1724 2398 Dei
1748 2363 1888 2397 ovem
1905 2381 1920 2406 ,
1958 2363 2100 2413 quam
2124 2350 2395 2414 perdiderat

189 2445 298 2478 cum
320 2430 492 2494 gaudio
518 2427 639 2491 patri
670 2425 750 2472 suo
774 2423 957 2471 revexit
985 2422 1205 2469 humero.

356 2496 618 2556 Complendae.
683 2489 884 2540 Piiffime
906 2490 1031 2537 Deus
1055 2489 1135 2553 qui
1163 2494 1363 2552 propter
1379 2502 1466 2534 nos
1488 2485 1775 2534 descendens
1808 2483 1853 2529 in
1886 2488 2073 2530 uterum
2100 2485 2291 2549 virginis
2313 2487 2391 2533 ad·
2439 2548 2444 2552 .

188 2563 338 2614 dietus
360 2563 521 2628 ligno:
558 2558 784 2624 perfossus
807 2557 974 2605 clavis:
1013 2555 1369 2618 multorumque
1392 2568 1566 2618 genera
1592 2557 1943 2598 tormentorum
1965 2550 2214 2625 pertulisti,
2248 2553 2394 2599 inter-

187 2634 391 2682 cedente
414 2630 583 2678 eadem
605 2625 824 2672 dolorosa
853 2624 1098 2688 genetrice
1117 2631 1196 2670 tua
1218 2628 1233 2679 ,’
1267 2622 1482 2669 concede
1507 2619 1642 2667 nobis
1667 2627 1873 2665 mortem
1896 2624 2023 2663 tuam
2045 2619 2222 2680 jugiter
2255 2634 2390 2667 reco-

186 2701 284 2749 lere
314 2717 328 2746 :
375 2700 561 2761 tuisque
591 2689 936 2740 infirmitatibus
970 2691 1217 2755 compati,
1252 2697 1397 2753 teque
1417 2686 1840 2751 Triumphatorem
1874 2683 2038 2730 mortis
2064 2683 2304 2733 sedentem
2327 2686 2388 2733 ad
2450 2706 2453 2708 ·

187 2769 401 2817 dextram
425 2764 568 2830 patris
590 2757 825 2807 confiteri.
928 2759 1024 2822 Qi
1049 2774 1158 2805 cum
1180 2758 1354 2804 eodem
1372 2755 1511 2803 Patre
1543 2754 1591 2804 ὅ(
1615 2754 1787 2818 Spiritu
1809 2747 1981 2799 Sant‘m
2005 2751 2125 2798 vivis
2147 2751 2197 2800 ὃς
2216 2767 2387 2818 regnas

186 2836 342 2893 Deus,
386 2848 473 2897 per
497 2829 655 2878 omnia
677 2824 825 2874 secula
845 2823 1123 2873 seculorum.
1193 2827 1365 2873 Amen.

355 2912 600 2974 antiphona
618 2910 665 2953 in
683 2904 868 2968 secundis
888 2904 1077 2962 vesperis.
1147 2907 1273 2954 Deus
1298 2907 1523 2953 decorem
1537 2937 1550 2959 ,
1584 2914 1634 2948 ut
1648 2902 1693 2945 in
1714 2899 1883 2943 laudem
1905 2898 2092 2955 Psalmm
2113 2899 2167 2945 de
2183 2913 2271 2943 una
2293 2901 2386 2945 vir.

181 2985 300 3050 gine.
393 2988 580 3040 Hymnus
600 2991 650 3023 ut
669 2979 810 3039 supra.
909 2979 1041 3035 Super
1061 2977 1312 3036 magnificat
1333 3004 1348 3028 ,
1401 2972 1588 3036 Regina
1620 2966 1709 3016 celi
1732 2966 1877 3013 letare
1909 2964 2195 3013 recesserunt
2214 2965 2383 3024 tristia,

2238 3047 2382 3095 quem

339 3150 342 3153 ⁴
361 3165 384 3189 θ
415 3162 544 3203 *niueae¹>
751 3162 783 3206 ffi-
804 3147 1016 3211 parturiunt.
