2471 3463
0 0 6 52 ἑ

2 55 5 82 1

0 228 4 246 Ι
108 187 158 221 2.
184 161 499 233 Canachen&
523 158 746 226 menlage.
930 164 1039 212 von
1069 156 1136 206 St.
1148 156 1277 207 Petri
1293 157 1501 216 Nube.
1987 179 1998 181 -
2158 159 2256 225 189

0 248 27 319 51
37 281 382 345 fignificationem
397 311 410 332 ,
447 280 496 328 &
517 285 715 343 propter
735 277 1153 340 representationem.
1190 274 1393 339 Propter
1410 274 1704 338 suppletionem
1723 272 2126 337 quemadmodum
2142 252 2244 318 turn

0 338 3 408 l
41 351 295 399 debeamus
322 347 634 413 quadraginta
653 346 816 394 diebus
837 342 1052 409 jejunare
1076 344 1132 390 ad
1155 341 1500 390 similitudinem
1528 339 1702 389 Christi
1724 372 1738 396 ,
1772 341 1822 389 ὃς
1845 357 1944 388 non
1965 339 2050 387 sint
2073 340 2137 386 ibi
2162 336 2242 384 nisi

37 432 214 479 xxxvi.
239 417 337 464 dies
357 412 687 479 jejunabiles,
743 414 849 478 quia
867 414 916 460 in
935 413 1097 459 diebus
1121 411 1370 458 dominicis
1400 426 1499 457 non
1521 405 1761 472 jejunatur
1790 441 1805 463 ,
1860 424 1968 454 cum
2016 405 2241 470 exemplo

37 482 238 540 Christi,
274 483 353 548 qui
373 483 469 548 ipsa
490 483 565 530 die
590 482 659 529 bis
681 481 918 538 comedit,
955 478 1130 527 scilicet
1152 479 1341 541 quando
1364 478 1558 526 intravit
1571 476 1629 523 ad
1641 474 1886 538 discipulos
1910 475 2066 522 clausis
2087 472 2241 537 januis

38 551 88 601 ὅ(
110 549 175 600 illi
197 549 473 599 obtulerunt
517 556 702 616 partem
733 548 865 614 piscis
901 545 980 595 assi
1011 546 1059 595 ὃς
1094 545 1255 593 favum
1276 544 1467 600 mellis.
1490 544 1539 601 ὃς
1564 543 1735 589 iterum
1761 557 1870 588 cum
1882 542 2109 606 discipulis
2127 556 2241 588 eun-

35 619 159 667 tibus
203 618 253 666 in
273 618 442 666 Ernaus
480 619 558 666 sed
589 619 820 682 quosdam
851 615 1028 664 &ideo
1065 627 1152 677 pro
1177 612 1473 676 suppletione
1496 609 1844 658 dominicarum
1867 610 2011 656 additi
2033 609 2135 656 sunt
2154 608 2239 656 IV.

35 686 158 744 dies,
194 685 244 735 ὅ(
265 686 452 734 iterum.
522 684 698 733 Clerici
720 685 937 734 videntes
960 681 1090 746 quod
1115 679 1230 726 ficut
1253 679 1586 744 praecedebant
1608 675 1838 742 populum
1862 677 2027 724 ordine
2046 709 2061 733 ‚
2097 676 2242 733 etiam

33 755 304 820 praecedere
327 754 554 801 deberent
575 751 815 801 sanffitate
835 783 849 807 ,
897 758 983 814 per
1003 749 1122 796 duos
1157 750 1326 795 iterum
1351 747 1449 795 dies
1482 755 1592 794 ante
1611 743 1716 794 illos
1739 753 1942 810 quatuor
1960 740 2171 807 jejunare
2193 742 2243 792 ὅ(

32 819 261 881 abstinere
277 821 516 886 ⁵incipiunt
537 853 551 876 ‚
595 820 645 868 &
666 818 724 867 sic
744 834 838 867 una
858 816 1117 882 septimana
1140 815 1297 863 addita
1319 813 1385 862 est
1406 848 1420 872 ‚
1466 829 1568 880 quae
1600 813 1650 862 ὅ(
1682 811 2243 878 QVINQVAGESIMA

31 889 304 937 nominatur
329 888 378 937 ὅ(
402 888 496 935 hoc
520 886 647 951 Papa
667 885 1028 950 Thelesphorus
1052 883 1293 932 ordinavit
1315 890 1368 930 ut
1392 883 1507 930 dicit
1540 882 1831 930 Ambrofius.
1896 878 2003 927 Alia
2035 879 2155 926 ratio
2178 877 2245 924 est

30 962 230 1021 propter
245 956 598 1017 significationem
619 987 633 1011 ,
679 953 1085 1019 quemadmodum
1120 950 1683 1016 QVINQVAGESIMA
1714 947 1939 1013 fignificat
1967 954 2156 1011 tempus
2177 962 2243 990 re-

29 1023 218 1084 mzffionis
242 1024 289 1070 id
308 1021 372 1069 est
383 1024 627 1084 'penitentie
650 1055 664 1078 ,
709 1024 759 1082 in
778 1037 868 1086 qua
891 1021 1055 1069 omnia
1083 1022 1382 1066 remittuntur.
1491 1015 2084 1085 QVINQVAGESIMHS
2116 1013 2244 1061 enim

31 1105 178 1138 annus
201 1097 301 1137 erat
314 1087 548 1153 j'ubileus3
587 1093 665 1154 qui
688 1096 789 1137 erat
811 1104 961 1136 annus
983 1088 1221 1150 remiffionis
1238 1121 1252 1144 ,
1292 1087 1399 1152 quia
1423 1090 1539 1134 tunc
1562 1085 1721 1133 debita
1744 1085 2128 1139 dimittebantur,
2156 1081 2243 1128 ser-

28 1158 79 1206 vi
97 1155 416 1205 liberabantur
435 1189 451 1215 ,
499 1157 549 1206 &
572 1172 740 1205 omnes
768 1159 826 1205 ad
851 1157 950 1204 suas
973 1152 1276 1222 poffeffiones
1295 1154 1663 1203 revertebantur
1684 1187 1698 1210 ‚
1761 1168 1847 1218 per
1870 1154 1999 1216 quod
2019 1148 2241 1214 fignifica-

27 1231 104 1273 tur
127 1224 255 1289 quod
280 1239 365 1289 per
389 1225 704 1291 penitentiam
724 1225 1025 1273 dimittuntur
1045 1231 1244 1288 peccata
1257 1230 1583 1288 peccatorum,
1597 1220 1852 1269 liberantur
1876 1234 2043 1269 omnes
2065 1216 2244 1267 aservi·

28 1298 132 1340 tute
154 1290 442 1340 Daemonum
464 1292 515 1342 ὃ(
535 1295 841 1341 revertuntur
859 1293 916 1339 ad
940 1288 1243 1357 poffeffiones
1265 1289 1526 1340 coelestium
1551 1289 1860 1337 manfionum.
1931 1289 2093 1336 Tertia
2116 1286 2239 1333 ratio

27 1358 95 1406 est
113 1365 314 1424 propter
335 1361 741 1422 representat-ionem
754 1389 768 1412 ,
801 1375 912 1407 nam
935 1362 1260 1421 quinquaginta
1284 1366 1472 1421 tempus
1496 1356 1731 1417 remiffiom'e
1753 1354 1978 1420 fignificat
2000 1389 2018 1412 2
2053 1354 2103 1403 &
2123 1361 2242 1400 tunc

26 1424 197 1473 statum
227 1425 512 1474 beatitudinis
534 1428 800 1489 representat
814 1459 828 1483 ‚
860 1441 1003 1490 quarn
1026 1427 1075 1473 in
1098 1427 1443 1487 qninquagefimo
1465 1441 1591 1471 anno
1614 1426 1730 1479 servi
1750 1421 2077 1471 efficiebantur
2092 1419 2241 1469 liberi.

26 1492 82 1539 In
107 1493 489 1558 quinquagesima
518 1495 592 1542 die
621 1495 648 1541 a
671 1496 745 1542 die
767 1495 876 1558 agni
899 1493 1131 1558 immolati
1152 1523 1166 1547 ‚
1199 1493 1276 1541 lex
1297 1494 1406 1540 data
1431 1490 1510 1540 est.
1579 1493 1634 1540 In
1652 1491 1695 1539 L
1714 1492 1745 1521 0
1766 1527 1777 1538 .
1817 1491 1892 1538 die
1916 1491 1943 1538 a
1964 1491 2139 1538 Pascha
2160 1490 2240 1536 da-

27 1565 77 1606 ta
98 1557 164 1606 est
187 1559 382 1624 spiritus.
447 1562 508 1609 Et
528 1563 637 1610 ideo
659 1562 739 1609 hic,
760 1576 983 1610 numerus
1007 1562 1320 1608 beatitudinem
1339 1565 1618 1623 representat.
1691 1558 1830 1606 Unde
1855 1561 1943 1608 erit
1967 1558 2166 1622 adoptio
2188 1554 2239 1604 li-

26 1625 219 1674 bertatis
242 1660 256 1684 ‚
294 1628 508 1693 cognitio
529 1629 738 1676 veritatis
764 1662 779 1686 ‚
812 1629 862 1677 &
894 1628 1125 1693 perfeffio
1158 1629 1362 1676 caritatis
1394 1628 1507 1675 Tria
1542 1631 1703 1675 autem
1729 1627 1831 1674 sunt
1858 1624 2110 1673 necessaria
2136 1637 2239 1689 quae

23 1701 361 1758 proponuntur
382 1696 520 1743 nobis
547 1696 594 1743 in
618 1694 822 1759 Epistola
843 1695 892 1744 <Sc
916 1694 1177 1759 Evangelio
1203 1696 1262 1742 ad
1287 1696 1383 1742 hoc
1407 1696 1535 1758 quod
1560 1708 1706 1759 opera
1728 1694 2022 1758 poenitentiae
2037 1693 2239 1757 fintper-

23 1757 175 1818 sedta,
213 1760 388 1808 scilicet
410 1762 575 1810 caritas
599 1778 701 1826 quae
723 1763 1009 1827 proponitur
1027 1765 1075 1810 in
1100 1760 1332 1827 Epistola,
1363 1763 1595 1809 memoria
1619 1760 1868 1809 dominicae
1890 1758 2110 1826 paffionis
2134 1793 2151 1817 2
2187 1757 2240 1807 fi-

23 1829 105 1874 des
130 1842 230 1892 quae
253 1827 536 1894 intelligitur
557 1845 642 1895 per
663 1828 1059 1878 illuminationem
1079 1828 1202 1877 coeci
1222 1863 1235 1886 ,
1271 1829 1320 1878 ὅ(
1343 1830 1444 1877 haec
1466 1836 1712 1894 ponuntur
1732 1830 1780 1877 in
1800 1828 2076 1894 Evangelio.
2111 1829 2238 1876 Nam

24 1892 139 1942 fides
161 1894 257 1960 ipsa
279 1895 392 1944 facit
411 1912 557 1961 opera
579 1896 887 1962 acceptabilia
911 1931 925 1954 ‚
965 1899 1071 1961 quia
1095 1896 1187 1944 fine
1212 1896 1305 1945 fide
1328 1894 1607 1962 impoffibile
1637 1896 1703 1944 est
1745 1895 1934 1962 placere
1965 1898 2072 1945 Deo
2090 1931 2105 1955 ‚
2138 1908 2238 1944 me-

21 1963 172 2011 moria
194 1960 412 2026 paffionis
433 1965 600 2014 facilia.
661 1965 810 2023 ⁵Unde
833 1964 1199 2014 GREGORIUS
1222 1984 1234 2012 ι
1279 1967 1325 2012 Si
1339 1965 1459 2027 pafflo
1484 1965 1637 2025 christi
1656 1965 1720 2011 ad
1740 1968 1989 2012 memoriam
2012 1965 2240 2013 reducitur

22 2029 130 2074 nihil
147 2031 226 2088 est.
262 2031 382 2093 quod
398 2047 481 2078 non
499 2050 614 2096 aequo
635 2034 783 2079 anima
805 2032 1041 2082 tolleretur.
1113 2036 1281 2080 Caritas
1301 2047 1448 2079 autem
1467 2034 1581 2095 satit
1605 2049 1730 2097 opera
1757 2032 1832 2093 effi?
1852 2035 2055 2081 continua
2070 2063 2085 2088 ‚
2129 2033 2239 2098 quia

23 2096 137 2144 ficut
159 2097 276 2146 dicit
298 2097 680 2165 GREGORIUS.
745 2109 884 2148 Amor
907 2104 991 2147 Dei
1011 2118 1094 2147 non
1111 2103 1242 2163 potest
1264 2102 1339 2160 effe
1360 2102 1512 2161 otiosus
1533 2116 1732 2165 operatur
1754 2104 1867 2148 enim
1888 2097 2064 2164 magna.
2094 2104 2143 2148 Si
2162 2102 2238 2160 est,

21 2162 73 2243 ὃς
91 2165 128 2221 si
140 2180 223 2209 non
244 2167 300 2222 est
322 2171 492 2228 operari
511 2169 711 2230 negligit.
782 2169 840 2216 Et
864 2168 979 2216 sicut
1003 2171 1051 2218 in
1074 2169 1308 2233 principio
1334 2169 1549 2227 ecclefia,
1588 2185 1690 2234 quae
1713 2169 1963 2233 desperans
1975 2169 2235 2216 clamabatz

21 2233 519 2294 Circumdederunt‘me‚
556 2237 605 2286 <Sc
627 2233 932 2303 postmodum
957 2238 1015 2283 ad
1041 2238 1084 2284 se
1109 2238 1297 2284 rediens
1319 2234 1532 2300 adjuvari
1553 2238 1765 2302 petebat.
1831 2237 1898 2283 Ita
1910 2236 1988 2283 hic
2002 2235 2107 2299 jam
2119 2250 2236 2283 con-

2 2307 162 2376 -cepta
189 2298 363 2349 fiducia
383 2301 432 2352 &
455 2303 535 2371 spe
556 2304 708 2353 veniae
732 2310 932 2368 propter
951 2304 1315 2367 poenitentiam,
1349 2311 1455 2352 orat
1477 2303 1527 2353 ὅ(
1549 2304 1678 2351 dicet
1699 2321 1711 2350 ε
1744 2304 1837 2363 Esto
1862 2303 1972 2349 mihi
1993 2306 2039 2350 in
2057 2309 2237 2364 Deumf„
2296 2355 2299 2358 ,

12 2379 198 2428 propter.
302 2368 396 2416 Ubi
441 2379 646 2437 quatuor
668 2372 815 2436 petit,
872 2368 1047 2421 scilicet
1073 2373 1374 2436 proteHionem
1394 2403 1409 2430 ,
1436 2372 1758 2431 firmamentum
1781 2404 1797 2431 ,
1837 2372 2062 2435 refugium
2081 2371 2131 2420 ὅ
2158 2374 2234 2419 du-

18 2446 181 2479 catum·

17 2570 20 2573 Ι
189 2501 373 2549 Omnes
400 2510 559 2550 autem
578 2503 658 2552 filii
680 2505 755 2556 sui,
772 2512 853 2552 aut
876 2505 979 2554 sunt
999 2506 1048 2553 in
1069 2505 1219 2568 gratia
1238 2538 1254 2562 ‚
1295 2510 1376 2553 aut
1396 2505 1445 2553 in
1467 2503 1607 2570 culpa
1631 2539 1646 2564 ,
1684 2515 1767 2557 aut
1788 2509 1837 2557 in
1858 2507 2057 2566 adversis
2081 2517 2162 2558 aut
2182 2511 2232 2559 in

15 2566 269 2631 prosperis.
338 2569 424 2617 Illis
451 2571 530 2634 qui
554 2570 657 2618 sunt
677 2573 726 2619 in
744 2573 894 2637 gratia
914 2574 1033 2636 petit
1044 2573 1369 2628 firmamentum
1389 2604 1404 2627 ‚
1435 2579 1488 2620 ut
1509 2573 1684 2623 scilicet
1703 2577 1752 2625 in
1773 2578 1868 2641 ipsa
1889 2567 2040 2643 gratia
2062 2577 2233 2627 confir-

18 2643 220 2682 mentur.
258 2635 347 2684 Illis
372 2638 451 2702 qui
473 2639 645 2687 suntin
669 2641 791 2702 culpa
811 2641 934 2704 petit
955 2646 1009 2687 ut
1031 2639 1160 2688 Deus
1184 2654 1351 2689 eorum
1375 2639 1428 2688 fit
1443 2642 1677 2705 refugium.
1744 2644 1832 2694 Illis
1857 2646 1940 2710 qui
1964 2645 2070 2694 sunt
2092 2646 2140 2694 in
2153 2647 2232 2695 ad-

19 2701 156 2779 verfis
175 2705 472 2763 proteiiionem
493 2738 508 2762 2
539 2712 593 2752 ut
619 2706 668 2754 in
687 2706 790 2772 ipfis
808 2706 1184 2756 tribulationibus
1204 2721 1501 2771 protegantur.
1571 2707 1662 2759 Illis
1695 2715 1775 2778 qui
1798 2712 1903 2762 sunt
1926 2715 1974 2762 in
1995 2713 2232 2778 prosperis
2295 2719 2302 2725 “

18 2775 139 2831 petit
159 2771 361 2818 ducatum
381 2805 397 2830 ,
433 2779 488 2821 ut
508 2774 554 2821 in
568 2773 672 2838 ipsis
694 2776 814 2823 adeo
846 2776 1132 2823 innocenter
1165 2776 1413 2826 ducantur.
1512 2776 1821 2829 Terminatur
1844 2788 2005 2830 autem
2038 2781 2230 2847 QVIN-

20 2834 404 2910 QAGESIMA
427 2848 480 2895 ut
498 2839 677 2889 dimem
701 2841 766 2890 est
789 2843 838 2890 in
864 2843 939 2890 die
960 2841 1172 2901 Paschae‚
1207 2845 1314 2910 quia
1339 2846 1628 2910 poenitentia
1651 2849 1709 2896 ad
1733 2848 2004 2898 novitatem
2026 2849 2137 2896 vitae
2161 2849 2228 2908 sa-

20 2909 84 2948 cit
106 2904 336 2982 resurgere.
403 2909 456 2957 In
476 2909 576 2955 hoc
595 2917 710 2958 tunc
729 2918 949 2975 tempore
969 2909 1130 2960 Psalm.
1154 2911 1211 2960 L.
1231 2912 1324 2963 five
1343 2916 1546 2975 Miserere
1566 2916 1654 2966 mei
1672 2921 1786 2966 Deus
1800 2949 1817 2977 2
1837 2918 1916 2983 qui
1937 2915 2003 2966 est
2023 2915 2229 2966 Psalmus

20 2979 313 3051 ppemtennae
326 2973 374 3026 ὅ(
386 2973 664 3028 remiffionis
685 2977 941 3045 plurimum
959 2978 1304 3046 frequentatur.
1646 2981 1665 3019 ἶ

1181 3099 1268 3160 Ξῑα
1304 3118 1326 3167 3
2157 3107 2224 3153 De

911 3250 974 3309 ἢ
