2471 3463
117 148 1889 246 Q
2017 152 2281 215 meran-2
2364 144 2367 146 ·

118 274 327 317 terarum
338 264 548 329 apicibus
558 261 799 327 adjuvare.
867 264 991 313 Sane
1013 264 1157 316 sciant
1171 275 1267 317 tam
1283 268 1522 332 presentes
1535 265 1675 331 quam
1689 268 1886 333 posteri,
1916 273 2045 338 quod
2068 287 2156 320 nos
2165 273 2343 322 *divina*

115 333 258 384 nobis
282 365 297 391 ,
323 340 376 380 ut
390 331 626 396 speramus
640 364 657 390 ‚
691 330 945 396 inspirante
963 336 1139 398 gratia,
1174 336 1351 384 curiam
1364 334 1569 384 nostram
1583 335 1630 382 in
1648 335 2088 387 HerWardeshusen
2103 355 2211 388 cum
2227 353 2328 387 mo,

116 401 314 454 lendino
335 399 510 448 ibidem
532 399 617 448 fito
640 399 689 450 ἀ
706 400 926 449 omnibus
951 399 1169 465 ejusdem
1192 402 1320 450 curie
1333 402 1593 451 attinentiis
1616 435 1630 459 ,
1663 412 1760 452 tam
1776 406 2080 454 dominorum
2092 423 2233 471 quam
2247 406 2350 454 he·-

115 470 281 520 r'edum
294 467 560 517 nostrorum
575 467 799 516 consensu
812 500 829 524 ‚
862 468 1018 517 eidem
1030 468 1142 518 loco
1164 469 1456 519 contulimus
1470 470 1515 516 in
1537 470 1866 520 fundationem
1878 474 2156 522 coenobialis
2168 488 2333 521 mona-

114 537 238 588 sterii
260 569 276 594 ‚
307 550 396 601 pro
418 534 628 583 locandis
649 536 713 584 ibi
727 534 899 583 Christi
911 536 1170 586 famulabus
1193 535 1522 601 Cystercienfis
1538 539 1712 586 ordinis
1726 538 1776 588 &
1788 542 1948 589 divino
1962 541 2150 589 servitio
2171 540 2335 588 secun-

116 607 233 654 dum
253 601 465 669 regulam
479 600 858 651 beatiBenediffl
873 612 1115 668 perpetuo
1129 606 1470 669 mancipandis.
1545 607 1827 654 Addidit-nus
1848 610 1991 656 etiam
2017 610 2130 656 duas
2158 610 2332 655 domos

116 685 272 740 prope
296 677 487 736 portam
511 669 746 718 mildradis
760 668 890 727 sitaS,
930 671 1170 737 &vigingi
1186 682 1390 737 quatuor
1405 671 1578 720 solidos
1592 673 1858 731 solvente3‚
1893 674 1942 725 δε
1965 677 2221 724 earundem
2244 675 2333 722 do-

115 755 306 790 morum
321 753 450 787 areas
462 771 479 796 ,
511 744 565 786 ut
575 738 635 786 de
646 745 886 803 proventu
899 739 1034 787 unius
1046 741 1093 788 in
1106 741 1257 788 choro
1273 769 1286 793 ,
1319 740 1368 789 ὅ(
1390 739 1577 788 alterius
1591 742 1637 788 in
1652 742 1934 790 dormitorio
1947 749 2168 808 tempore
2180 740 2334 791 nolitis

116 809 223 859 usus
243 806 432 856 luminis
454 805 698 853 habeatur.
769 801 993 853 Preterea
1015 808 1230 855 dedimus
1252 808 1424 856 ibidem
1438 805 1992 859 Heinricimol'endinarii
2014 824 2173 859 aream
2190 842 2206 867 ‚
2239 821 2334 874 que

110 875 252 942 juxta
272 875 473 922 eandem
486 869 552 919 est
575 870 656 921 sita
668 872 845 920 curiam
858 906 875 931 ‚
906 882 958 922 ut
969 874 1028 922 de
1042 871 1143 938 ejus
1157 884 1396 940 proventu
1411 884 1689 940 preparetur
1701 891 1865 925 cereus
1878 876 2083 942 hyemali
2096 885 2334 940 tempore3

117 954 228 993 eum
253 943 409 991 adhuc
429 954 528 987 non
550 938 839 989 clarescente
859 941 935 989 die
958 941 1140 990 summo
1156 957 1296 990 mane
1309 941 1439 989 missa
1461 938 1656 1000 dicitur,
1690 944 1809 992 inira
1820 959 2058 994 canonem
2070 945 2352 993 accendent»

117 1014 204 1060 dus
222 1044 238 1068 ,
276 1017 329 1057 ut
342 1005 695 1056 circumstantes
710 1006 919 1056 levatum
943 1009 970 1056 a
982 1010 1241 1058 Sacerdote
1257 1024 1430 1073 corpus
1442 1011 1624 1058 domini
1639 1010 1805 1059 lucede
1840 1013 1896 1074 n)
1934 1012 2127 1060 valeant
2147 1010 2337 1063 intueri.

115 1079 309 1142 Insuper
339 1073 618 1139 assignamus
639 1075 815 1124 ibidem
840 1077 1079 1125 dimidiam
1096 1076 1278 1142 filiginis
1301 1077 1563 1125 mensuram
1588 1111 1603 1137 ,
1641 1093 1733 1143 que
1766 1078 1943 1144 vulgari
1962 1081 2157 1128 nomine
2180 1079 2336 1127 Wie-

115 1143 306 1212 schepel
329 1141 594 1209 appellatur
617 1142 666 1190 in
687 1141 966 1191 molendino
991 1144 1241 1193 Ylenbeke
1265 1145 1540 1193 sumendam
1558 1177 1574 1202 ,
1610 1154 1662 1193 ut
1685 1143 1899 1209 ejusdem
1923 1161 2116 1195 annone
2129 1159 2336 1212 proven·

115 1221 170 1264 tu
191 1228 283 1279 pro
305 1219 495 1278 patrum
514 1208 784 1258 nostrorum
808 1211 1032 1260 Mezelini
1055 1212 1103 1262 ὅ(
1128 1212 1276 1262 Olrici
1296 1246 1316 1270 ‚›
1342 1212 1391 1262 ὃ(
1410 1221 1613 1260 matrum
1629 1213 1858 1261 Rickheit
1881 1213 1929 1264 ὅ(
1943 1213 2177 1262 Christine
2193 1211 2334 1262 nostri
2368 1230 2373 1236 ’

116 1294 314 1347 quoque
336 1279 569 1327 memoria
590 1307 604 1330 ,
636 1277 823 1342 singulis
847 1280 979 1327 annis
1001 1281 1048 1328 in
1071 1280 1235 1344 vigiliis
1252 1312 1267 1337 ,
1293 1279 1574 1328 solemnibus
1599 1280 1646 1330 ὅ(
1661 1278 1787 1327 missa
1802 1313 1816 1335 ‚
1852 1282 1927 1327 die
1942 1281 2188 1336 bonifacii,
2222 1280 2335 1328 scilia-

116 1356 202 1398 eet
219 1354 393 1413 quarto
405 1360 554 1394 nonas
565 1345 689 1409 Junii
710 1374 728 1399 ,
764 1347 1033 1412 peragenda
1046 1380 1060 1404 ,
1096 1355 1213 1395 tunc
1225 1349 1271 1395 in
1284 1346 1541 1395 refeC‘torio
1557 1344 1818 1396 conventui
1833 1357 2115 1412 competens
2127 1347 2335 1401 caritatis

117 1412 331 1465 officium
352 1414 672 1479 impendatur.
739 1414 816 1461 Ne
839 1416 980 1479 igitur
1002 1416 1098 1462 hoc
1124 1414 1292 1463 nostrae
1313 1415 1555 1480 parvitatis
1570 1416 1864 1479 impendium
1880 1415 2108 1463 oblivioni
2125 1415 2338 1464 tradatur

116 1484 167 1535 in
187 1481 430 1546 posterum
449 1514 469 1539 2
500 1496 588 1529 nos
606 1480 668 1528 de
691 1482 979 1545 prudentum
1006 1481 1200 1531 consilio
1223 1498 1323 1531 rem
1342 1480 1518 1546 gestam
1534 1482 1762 1530 conscribi
1777 1515 1792 1540 ,
1827 1481 2193 1547 &impressione
2207 1481 2338 1547 sigilli

115 1549 260 1603 nostri
273 1549 471 1599 fecimus
484 1548 790 1598 communiri.
853 1549 1018 1598 Testes
1039 1557 1200 1598 autem
1216 1550 1319 1599 sunt
1344 1552 1422 1614 hy.
1492 1550 1683 1598 Sisridus
1698 1548 1852 1598 custos
1867 1550 2060 1599 ecclefie
2075 1550 2337 1598 Hamman-
2358 1595 2361 1600 .

115 1616 359 1682 burgensis
376 1649 392 1673 ‚
424 1616 717 1665 HardWicus
739 1616 950 1681 dapifer,
976 1618 1213 1666 Henricus
1238 1619 1298 1665 de
1319 1615 1527 1666 Hamme
1553 1647 1567 1671 ,
1605 1617 1896 1666 Hardwicus
1916 1618 1976 1665 de
1987 1618 2347 1674 Erteneborch,

117 1687 167 1737 ὅ(
183 1685 329 1734 frater
350 1681 453 1748 ejus
474 1683 755 1732 W'ernenus
769 1718 787 1742 ,
821 1685 1141 1734 Ber-trammus
1154 1685 1270 1733 filius
1284 1685 1421 1738 Esici‚
1460 1685 1591 1748 Leo,
1626 1685 1931 1733 Willekinus
1955 1684 2116 1733 Crane
2140 1715 2156 1738 ,
2191 1684 2339 1733 &alii

117 1764 262 1821 quarnv
281 1752 453 1818 plures.
519 1749 641 1800 Αᾶει
662 1751 771 1799 sunt
786 1751 878 1801 hec
900 1768 1028 1800 anno
1041 1753 1222 1802 domini
1234 1752 1480 1802 Millesirno
1492 1752 1817 1801 ducentesimo
1833 1752 2187 1818 quadragesimo
2199 1752 2336 1816 septi-

115 1836 219 1872 m0.
286 1819 463 1870 Datum
475 1818 888 1885 Hammarnburgh
902 1821 1048 1884 pridie
1062 1820 1300 1875 Kalendas
1313 1821 1504 1868 Decem.
1519 1820 1733 1870 feliciter.
1771 1822 1946 1867 Amen.

123 1958 172 2008 ς.
197 1925 479 1992 Concordia
505 1938 808 1989 CAP1TUL1
833 1937 1201 2003 Hamburgenfis
1229 1955 1339 1989 cum
1367 1940 1687 1989 ADOLPHO
1712 1938 1887 1991 Comite
1917 1939 1979 1987 de
1999 1933 2346 2004 Schowenburgs

188 2010 325 2076 super
355 2007 649 2074 prebendam
673 2007 914 2070 quandam-
943 2005 1174 2070 majorem
1205 2008 1254 2058 ὅ(
1287 2009 1522 2055 minorem
1544 2006 1667 2056 faeta
1693 2013 1751 2058 A.
1781 2020 1920 2068 1303.
1943 2007 2029 2058 fer.
2052 2004 2138 2056 1V.
2164 2005 2270 2072 post

499 2072 627 2123 Petri
649 2074 699 2124 ὃ(
719 2073 874 2132 Pauli,
912 2073 1192 2122 confirmata
1215 2076 1276 2122 abv
1293 2075 1671 2139 Archiepiscopo
1694 2072 1946 2124 Bremenfi.
2161 2075 2164 2077 ’
2197 2124 2201 2125 ⁷

120 2161 201 2260 In
224 2158 422 2207 nomine
447 2156 644 2206 Domini
673 2160 835 2204 Amen
854 2191 868 2214 ‚
905 2161 1049 2205 Anno
1077 2154 1290 2221 ejusdem
1315 2156 1558 2205 Millefimo
1582 2156 1909 2221 trigentesimo
1923 2157 2067 2204 tertio
2079 2163 2253 2221 quarto
2275 2151 2337 2204 fl'a‘

201 2224 306 2292 post
331 2224 496 2274 festum
526 2224 778 2274 beatorum
797 2224 924 2273 Petri
950 2223 1502 2289 &PauliApostolormn.
1573 2224 1699 2273 Cum
1723 2239 1809 2274 nos
1824 2223 2178 2274 Godeschalcus
2212 2252 2233 2262 -
2266 2251 2285 2262 ·
2316 2251 2335 2262 -

120 2294 339 2344 Decanus
353 2291 401 2344 ὅ(
413 2292 691 2359 Capitulum
704 2291 897 2341 ecclesie
910 2291 1544 2357 Ha-mburgenslcongregati
1559 2290 1756 2340 essemus
1771 2293 1816 2341 in
1830 2292 1942 2340 loco
1957 2292 2013 2338 ad
2029 2292 2123 2339 hoc
2136 2289 2334 2338 consue·
2360 2325 2366 2330 -

122 2370 176 2411 to
214 2363 276 2409 de
310 2359 502 2410 diversis
537 2358 732 2409 ecclesie
772 2358 930 2409 nostre
945 2361 1150 2425 negotiis
1161 2359 1431 2413 tradiaturi,
1466 2360 1514 2410 ὅ(
1529 2360 1764 2424 praeeipue
1777 2361 1835 2407 de
1850 2360 1972 2416 hoc,
2009 2359 2139 2423 quod
2163 2356 2335 2406 nobilis

123 2427 213 2480 Vir
234 2429 469 2479 Dominus
487 2427 736 2493 Adol‘phus
761 2426 943 2477 Comes
964 2430 1025 2475 de
1043 2428 1450 2476 Schowenborch
1473 2426 1700 2475 afferebat
1713 2427 2010 2493 praebendam
2026 2439 2112 2491 per
2123 2432 2333 2475 mortem

123 2495 322 2546 Domini
337 2495 564 2560 johannis
585 2493 722 2544 Calui
745 2497 985 2562 quondam
999 2494 1141 2544 nostri
1156 2494 1487 2544 Concanonici
1512 2496 1638 2542 bone
1659 2495 1891 2543 memorie
1903 2500 2156 2541 vacantem
2169 2490 2339 2540 aufto-¹

125 2565 567 2628 ri't'ate‘quarundam
581 2562 845 2620 literarum,
879 2579 994 2628 quas
1012 2563 1256 2619 exhibuit,
1289 2562 1336 2611 ὃς
1359 2562 1503 2610 etiam
1523 2561 1870 2610 consuetudinis
1883 2560 2140 2610 secundum
2153 2559 2270 2625 ipsas
2281 2557 2332 2606 li-

125 2638 250 2680 teras
263 2636 491 2694 optante,
520 2637 575 2679 ut
585 2630 805 2689 dicebat,
833 2631 998 2680 deberi
1016 2634 1075 2680 de
1087 2627 1189 2696 {ure
1198 2631 1410 2679 Domino
1424 2629 1705 2678 Hermanno
1718 2629 1778 2679 de
1791 2625 2115 2694 hilghenstede
2129 2625 2331 2675 similiter

127 2697 289 2754 nostro
301 2699 693 2748 concanonicoin
702 2701 874 2749 minori
888 2701 1128 2765 prebenda
1140 2698 1400 2749 consti-tuto
1412 2729 1427 2754 ‚
1462 2712 1603 2762 quam
1617 2698 1743 2746 idem
1760 2707 1923 2746 comes
1935 2695 1984 2745 ἀ
1997 2694 2062 2744 sui
2071 2689 2336 2757 anteceff072·

126 2780 201 2815 res
223 2763 434 2820 conferri
453 2766 827 2825 conspe-verant,
855 2782 970 2817 cum
986 2767 1062 2817 illa
1074 2767 1407 2831 prerogativa,
1442 2774 1498 2814 ut
1518 2764 1703 2813 asseruit
1716 2794 1731 2818 .
1768 2765 1898 2831 quod
1921 2764 2189 2828 quicunque
2218 2757 2336 2809 eanss'

131 2834 245 2881 dem
258 2834 499 2880 minorem
509 2834 807 2896 prebendam
822 2835 883 2883 ab
896 2836 963 2884 eis
985 2837 1281 2901 presentatus·
1291 2833 1491 2882 haberet
1504 2863 1523 2886 ‚-
1547 2833 1608 2880 ad
1620 2830 1850 2898 majorem
1866 2827 2157 2895 prebendam
2171 2825 2330 2903 ascen:

133 2900 269 2966 dere-t
287 2899 549 2961 secundum
557 2900 771 2951 ordi-nem
784 2903 865 2952 sue·
873 2903 1183 2972 receptionis.
1241 2901 1374 2950 Sicut
1387 2902 1489 2970 aliis·
1497 2904 1555 2969 de
1568 2899 1731 2950 nostris
1744 2895 2080 2950 concanonicis
2093 2896 2144 3011 {p
2153 2896 2329 3009 min‘pfr

1550 2974 1554 2976 s
2095 3013 2098 3016 ,
2133 2976 2242 3028 ipen
2278 2974 2326 3009 ιο
