2471 3463
119 178 304 246 2.cap.
329 173 508 245 rubente
529 171 753 241 ffievtagess
809 219 813 222 .
989 193 992 195 ’
1025 180 1142 235 λινιοη
1163 173 1230 226 st.
1244 172 1371 225 Petri
1386 170 1594 238 ziz-dn.
2055 142 2066 145 ³
2163 179 2261 240 469

476 287 594 336 Bibl.
615 286 738 335 Patr.
761 286 915 352 Lugd.
1431 326 1437 330 .
1551 284 1672 333 Mst.
1694 283 1820 333 Petr.
1845 285 2020 333 Hamb.
2043 334 2045 336 ,

226 354 330 421 plus
350 369 485 418 aequo
510 355 708 419 operosa
733 350 960 418 juventus
1161 377 1181 390 -
1314 351 1421 419 plus
1443 363 1580 415 aequo
1601 359 1797 414 operata
1812 348 2055 414 juventus.

225 421 459 472 summarii
479 436 648 470 eorum
670 437 769 470 non
788 421 921 471 ferro.
1165 451 1184 460 -
1315 419 1582 477 summarii,
1596 416 1705 466 alias
1733 418 2137 477 Somarii,eorum
2160 433 2260 467 non

1383 486 1526 534 ferro.

227 561 339 606 cum
352 556 536 606 scutum
565 555 812 622 cujusdam
836 554 1055 607 vidissent
1134 585 1140 589 v
1227 582 1247 593 -
1314 566 1426 600 curn
1448 551 1633 601 ,scutum
1658 550 1901 614 cujusdam
1923 550 2122 600 vidisset.

135 644 139 645 ff
227 625 399 673 Refert
420 623 626 673 Pericles
643 640 744 672 non
1045 646 1064 656 -
1213 625 1216 627 ’
1312 618 1483 667 Refert
1502 616 1706 665 Pericles
1718 617 2131 683 Historiographus
2144 633 2258 666 non.

223 693 446 742 Crateras
468 693 611 757 igitur
627 691 718 740 laeti
741 689 977 747 statuunt,
1229 710 1250 719 -
1314 684 1540 733 Crateras
1563 685 1704 748 igitur
1720 683 1950 743 (statuunt.

226 761 535 825 referuntque
559 760 609 807 &
631 758 886 806 conserunt
911 757 1094 804 labores
1231 776 1252 792 .
1322 754 1633 816 referuntque
1658 751 1706 800 ὅ(
1734 749 1940 798 efferunt
1961 748 2160 800 labores

223 829 284 876 de
304 827 554 892 largitione
580 826 716 874 avitae
739 831 822 872 aut
843 830 1052 889 paternae
1224 844 1243 854 -
1311 820 1371 868 de
1387 818 1666 868 liberatione
1678 819 1814 868 avitae
1848 825 1929 866 aut
1951 825 2172 882 paternae.

216 895 313 960 ipse
337 894 484 942 salvos
504 892 647 956 faciet
679 915 695 929 -
722 915 741 925 -
772 891 823 941 ὅ(
843 890 1110 939 humiliabit
1208 911 1227 921 -
1311 888 1406 953 ipse
1430 885 1581 935 salvos
1604 886 1721 935 facit
1755 915 1774 926 -
1807 915 1826 925 -
1860 885 1910 935 ὅ(
1929 883 2159 934 humiliat.

168 1025 176 1030 .
217 961 486 1025 tollensque
509 961 693 1023 virgam
730 983 751 998 -
802 982 820 991 -
855 959 1164 1007 verborum..
1206 979 1226 990 -
1323 950 1522 1019 Dcfimt.
1946 995 1951 998 .

217 1030 415 1078 manum
428 1027 727 1075 temerariam
752 1026 973 1090 porrigit.
1176 1047 1196 1058 -
1315 1027 1511 1072 manum
1534 1020 1834 1069 temerariam
1857 1020 2124 1085 porrigunt.

218 1095 489 1145 salutaribus
510 1094 704 1141 monitis
735 1094 944 1141 formate
1194 1115 1214 1125 -
1313 1088 2090 1139 salutaribus*monitisinformate.

216 1161 459 1212 Bethuniae
481 1160 998 1228 quandoque,sorfitan
1013 1156 1156 1209 semel
1220 1187 1240 1198 -
1312 1156 1556 1207 Bethuniae
1618 1156 1904 1221 quandoque
1923 1187 1939 1214 ,
1981 1154 2031 1205 ὅ(
2069 1150 2260 1202 forsitan

217 1297 419 1365 gloriam
437 1296 578 1346 famae
599 1296 806 1362 perdidit
1073 1327 1093 1336 -
1311 1223 1671 1358 gloiqgiglkamae
1694 1285 1956 1354 perdidisse.

222 1367 274 1416 ἀ
294 1367 409 1430 fuga
430 1364 756 1412 Sennacherib
1041 1390 1063 1401 -
1316 1361 1366 1410 ὅ(
1389 1360 1436 1406 in
1456 1360 1569 1423 fuga
1592 1356 1915 1404 Sennacherib

190 1469 194 1471 -
222 1433 304 1498 qui
330 1433 515 1481 nunciis
541 1431 811 1479 Merodach
1082 1454 1101 1463 -
1317 1426 1400 1490 qui
1422 1425 1603 1474 nunciis
1627 1424 1874 1471 Baradoch
1954 1444 1957 1445 ⁷

219 1499 302 1547 filii
326 1512 520 1563 quoque
535 1494 637 1560 ejus
667 1521 686 1530 -
719 1526 737 1536 -
769 1494 881 1545 faeci
904 1495 1009 1545 sunt
1022 1495 1231 1545 eunuchi
1268 1515 1283 1528 ·
1317 1493 1399 1542 filii
1420 1489 1520 1556 ejus
1556 1513 1574 1524 -
1606 1515 1625 1523 -
1659 1488 1771 1538 fasti
1799 1488 2015 1537 eunuchi

220 1566 422 1630 Triplex
447 1578 640 1629 quoque
663 1564 801 1629 optio
825 1564 993 1612 divinae
1212 1592 1230 1601 -
1311 1560 1507 1626 Triplex
1531 1572 1724 1623 quoque
1743 1555 1980 1622 oppositio
2005 1554 2175 1604 divinae

221 1632 494 1682 humiliatus
517 1632 564 1678 in
576 1630 748 1679 animal
782 1660 800 1670 -
835 1629 986 1679 similis
1009 1628 1159 1680 faetus
1181 1628 1247 1678 est
1316 1626 1585 1677 humiliatus
1608 1623 1843 1674 utanimal
1875 1648 1892 1657 -
1923 1621 2072 1670 similis
2093 1620 2175 1670 est.

151 1761 157 1764 Π
221 1701 348 1747 Nam
371 1696 677 1748 &Abraham
708 1728 726 1737 -
753 1727 773 1737 -
811 1697 860 1745 in
872 1696 1070 1762 pulvere
1214 1721 1235 1731 -
1319 1691 1520 1757 Desunt.

220 1773 454 1830 quatenus
469 1779 613 1828 quem
626 1765 755 1812 Deus
777 1764 982 1821 exaltat,
997 1762 1270 1812 humilietur
1318 1768 1550 1826 quatenus
1575 1760 1618 1807 ei
1633 1758 1741 1822 ‚qui
1766 1754 2024 1805 exaltat&
2045 1752 2261 1803 humiliat

219 1833 270 1882 &
292 1833 417 1879 inter
439 1831 609 1879 divinae
629 1831 789 1896 gratiae
813 1828 1188 1896 magnificentias
1259 1854 1277 1865 -
1313 1830 1438 1878 inter
1458 1827 1626 1875 divinae
1640 1826 1801 1890 gratiae
1831 1822 2180 1873 munificentias
2215 1821 2260 1871 se

225 1899 272 1947 se
290 1898 537 1964 pulverem
559 1898 887 1964 recognoscat.
1139 1921 1158 1931 -
1314 1894 1562 1962 pulverem
1584 1892 1949 1957 recognoscant.

225 1965 363 2014 Bene.
378 1964 592 2016 valeatis,
813 1992 842 2003 -r
1057 1995 1074 2004 -
1310 1959 1522 2026 Deffimt.

55 2032 139 2102 Ep.
151 2032 314 2084 XCV.
329 2033 523 2148 quuar
546 2047 664 2098 ergo
697 2062 717 2072 -
748 2062 764 2073 ·
800 2033 1058 2085 condem-s
1209 2061 1229 2071 -
1315 2030 1401 2096 Ep.
1415 2028 1595 2079 CXXI.
1632 2021 1831 2091 Dcfimt.

303 2116 364 2148 na
399 2109 435 2148 it
457 2115 550 2148 me.
815 2134 817 2136 -
1679 2123 1681 2126 ⁴
1704 2105 1709 2108 “

228 2167 279 2217 &
301 2167 532 2215 refiduum
557 2164 745 2213 locustae
777 2195 796 2204 -
828 2189 847 2199 -
875 2180 1051 2230 aerug0.
1225 2190 1245 2201 -
1315 2161 1515 2229 Dqsimt.
1602 2198 1605 2199 γ

229 2249 349 2299 quos
371 2236 420 2282 B.
437 2233 664 2280 Martinus
678 2233 872 2296 abigens
1123 2259 1143 2269 -
1315 2247 1435 2297 quos
1461 2233 1512 2278 B.
1524 2231 1785 2279 Martianus
1817 2228 2026 2289 abigens.

227 2302 357 2366 quod
373 2298 481 2364 jura
495 2314 684 2347 coronae
706 2299 909 2347 tacuerit
1159 2328 1182 2339 -
1291 2299 1446 2364 zquod
1467 2295 1570 2360 jura
1593 2311 1782 2345 coronae
1803 2294 2027 2358 rapuerit.

231 2370 361 2433 quod
381 2367 594 2416 undredo
619 2366 668 2415 ὃ(
697 2366 909 2414 alimoto.
1129 2398 1148 2408 -
1320 2366 1449 2430 quod
1473 2365 1721 2413 hundredo
1742 2362 1792 2413 ὃ(
1816 2359 2014 2409 almot0.

228 2435 358 2483 Cum
385 2435 607 2499 scriptum
630 2432 682 2480 fit
706 2449 719 2477 ε
742 2427 888 2481 ‘Beati
919 2435 999 2501 qui
1163 2459 1182 2469 -
1316 2433 1449 2480 Beati
1471 2432 1551 2496 qui

230 2503 438 2550 esuriunt
460 2502 509 2551 δε
533 2500 687 2548 sitiunt
709 2502 963 2566 pecuniam
1135 2527 1155 2536 -
1319 2499 1601 2548 exhauriunt
1621 2496 1671 2546 ὅ(
1685 2495 1840 2544 ficiunt
1860 2494 2126 2559 pecuniam.

228 2568 474 2618 miserabili
496 2568 838 2617 lamentatione
1100 2591 1119 2601 —
1318 2565 1606 2615 lamentabili
1628 2564 1927 2612 miseratione

229 2635 378 2686 Certe
404 2651 514 2685 cum
533 2635 722 2699 Moyses
975 2656 994 2669 -
1242 2666 1260 2675 -
1313 2634 1463 2683 Porro
1514 2631 1792 2698 dispensatio
1822 2629 2039 2680 Deiifuit
2067 2662 2083 2687 ,
2131 2627 2262 2694 quod

828 2707 831 2708 ⁷
1385 2702 1472 2750 Mo
1508 2700 1590 2749 ses.
1796 2736 1801 2742 .
2327 2700 2330 2701 ⁷

230 2772 578 2838 praesidentium
600 2772 717 2821 vitia
730 2775 1056 2836 temperantur
1238 2794 1256 2805 -
1322 2717 1664 2834 praefidZntium
1679 2765 1786 2831 jura
1808 2770 2149 2829 temperantur.

230 2841 334 2890 {unt
354 2842 604 2907 squammae
634 2839 910 2888 Behemoth
1094 2858 1132 2872 ·-
1316 2837 1422 2886 sunt
1442 2837 1624 2884 Satanae
1677 2833 1951 2883 Behemoth
1976 2864 1992 2890 ‚
2019 2827 2113 2896 fi’d
2148 2841 2261 2895 per-

721 2941 724 2944 >
1344 2934 1348 2935 ν
1414 2919 1576 2953 eram·

233 2974 511 3039 spiraculum
532 2977 639 3028 vitae
652 2990 750 3023 non
772 2974 957 3026 incedit*
978 2987 1065 3038 per
1085 2987 1164 3022 eas
1229 2999 1253 3010 -
1320 2916 1596 3037 spffaculum
1622 2972 1730 3021 vitae
1755 2985 1852 3018 non
1873 2965 2048 3024 emittit
2071 2979 2155 3030 per
2168 2978 2260 3011 eas.

233 3043 467 3107 inquirere
483 3075 497 3099 ,
514 3042 563 3092 ὅ(
598 3067 617 3079 -
651 3044 889 3106 corrigere
904 3075 918 3099 ‚
940 3056 999 3089 ne
1012 3040 1165 3089 mino·
1234 3064 1248 3077 ε
1320 3039 1657 3103 inquirere‚ne
1681 3037 1915 3087 malorum
1939 3031 2158 3082 exceffus.

311 3124 414 3155 rum
437 3107 644 3157 excessus
1314 3104 1452 3162 ’Ὡηη
1493 3120 1512 3166 3
2119 3094 2266 3150 malo-
