2471 3463
125 163 224 214 880
515 235 518 237 q
754 164 758 172 ·’
785 159 1064 219 utranam
1083 164 1190 218 nub
1204 164 1560 232 namu-imm
1836 236 1848 246 ,
2041 192 2086 241 3·
2097 177 2290 237 Period.

122 283 327 345 deroget
347 313 363 339 ,
397 295 490 329 nec
510 283 792 349 generalitas
817 287 1088 350 specialitati
1111 291 1227 338 citra
1253 295 2233 364 tamenrenovationemquorumcunque
2247 297 2357 348 alio-

128 363 234 396 rum
259 358 623 413 procuratorum
638 351 826 400 suorum
842 369 924 418 per
939 370 1048 403 eum
1063 355 1291 407 haestenus
1306 360 1675 424 quomodolibet
1693 364 2060 414 constitutorum
2074 399 2090 424 ‚
2126 365 2356 416 videlicet

126 415 431 464 honorabiles
450 417 500 467 &
520 419 747 468 discretos
766 421 894 469 viros
922 437 976 469 ac
997 423 1234 473 Dominos
1253 424 1523 484 Johannem
1554 428 1874 491 Haueckhorst
1907 433 2134 482 vicarium
2157 432 2355 482 ecclesie

125 482 267 532 sancii
304 483 430 532 Petri
474 482 848 549 Buxtehudenfis
903 487 1140 552 Wrdenst's
1187 493 1393 543 Diocesis
1417 495 1684 559 presentem
1713 498 1759 548 ὃ(
1781 514 1902 546 onus
1930 503 2280 565 procurationis
2301 501 2352 549 in

127 551 174 601 se
202 551 371 616 sponte
405 553 731 619 suscipientem
743 590 757 612 ,
796 571 887 604 nec
916 572 1015 604 non
1037 555 1305 615 Johannem
1317 559 1477 610 Slater
1488 562 1792 612 Canonicum
1812 567 1953 614 sansti
1973 560 2233 632 Stephani,
2267 565 2355 625 Jo-

125 615 330 667 hannem
356 617 675 683 Kolfi’mberch
712 622 1018 673 Canonicum
1055 624 1198 675 sanffi
1221 628 1468 677 Anscharii
1491 632 1729 680 Bremens.
1749 630 2018 690 Johannem
2036 630 2353 700 Eckleffvica-

124 687 245 734 rium
269 684 410 736 sanai
438 686 567 737 Petri
587 723 604 746 ,
640 689 894 739 Nicolaum
917 691 1178 757 Frigborch
1214 696 1444 746 vicarium
1486 699 1852 763 Hamburgensis
1891 735 1906 758 ,
1944 699 2354 767 Christophorum

124 753 402 821 Hepsteden
439 757 668 806 vicarium
705 757 962 808 Bremensis
985 761 1284 811 ecclesiarum
1313 765 1527 814 absentes
1543 775 1768 831 tanquam
1783 770 2020 833 presentes
2033 767 2354 834 &quemlibet

128 837 298 871 eorum
313 821 559 872 insolidum
584 824 661 872 sed
682 827 815 890 quod
835 841 952 875 unus
966 842 1134 877 eorum
1147 830 1382 897 inceperit
1404 832 1522 882 alter
1534 848 1702 883 eorum
1718 835 1936 901 prosequi
1951 837 2162 885 mediare
2176 834 2354 902 paritet

126 890 178 940 ὅ(
206 889 340 939 finire
362 888 505 956 possit
523 907 579 940 ac
601 893 660 940 ad
680 890 906 943 effestum
929 897 1194 959 perducere
1208 898 1755 966 specialiter&expresse
1769 936 1784 958 ‚
1820 904 1938 951 dans
1966 902 2017 954 <Sc
2044 906 2350 959 concedens,

125 959 304 1007 eisdem
327 958 414 1008 suis
437 961 827 1024 procuratoribus
850 962 900 1012 ὅ(
923 977 1093 1012 eorum
1119 964 1313 1014 cuilibet
1327 965 1515 1031 plenam
1530 967 1727 1018 liberam
1742 969 1792 1019 ἀ
1806 973 2134 1019 omnimodam
2150 968 2354 1036 potesta-

124 1032 226 1075 tem
249 1041 304 1074 ac
333 1027 612 1076 mandatum
644 1028 842 1092 speciale
862 1063 878 1086 ,
916 1031 975 1077 ad
997 1033 1258 1095 petendum
1283 1031 1360 1081 sibi
1375 1049 1460 1099 per
1482 1035 1779 1085 venerabiles
1792 1038 2027 1086 Dominos
2041 1039 2353 1104 prepofitum‚

124 1094 360 1142 decanum
381 1126 397 1152 ,
434 1094 760 1144 scholasticum
786 1130 801 1155 ,
836 1103 1094 1164 totumque
1132 1101 1393 1166 capitulum
1431 1102 1800 1168 Hamburgensis
1829 1105 2044 1154 ecclesiae
2059 1137 2076 1162 ‚
2120 1105 2355 1155 Bremenss

123 1161 311 1212 Diocesl
330 1163 391 1211 de
413 1163 699 1212 canonicatu
712 1163 762 1213 ὅ(
775 1166 1019 1229 prebenda
1033 1200 1048 1225 ‚
1083 1164 1298 1231 ejusdem
1312 1168 1516 1218 ecclesiae
1529 1172 1807 1220 vacantibus
1822 1174 1879 1220 ad
1896 1175 2083 1239 presens
2103 1171 2182 1222 vel
2205 1173 2254 1220 in
2266 1188 2357 1238 pu·

121 1228 297 1278 sterum
318 1231 554 1279 vacaturis
569 1231 736 1296 vigore
759 1248 1149 1300 quarumcunque
1163 1237 1402 1286 literarum
1416 1235 1508 1285 sive
1520 1237 1627 1286 alias
1643 1238 1913 1304 simpliciter
1933 1240 1983 1290 ἀ
1997 1255 2113 1306 pure
2128 1241 2354 1305 provide·
2377 1233 2381 1239 ’

125 1299 163 1347 ri
193 1313 250 1346 ac
278 1299 475 1346 eosdem
499 1314 608 1347 cum
633 1301 852 1349 omnibus
876 1301 1122 1368 &singulis
1138 1303 1226 1352 suis
1245 1301 1430 1369 juribus
1453 1303 1681 1355 fruffibus
1695 1307 1955 1356 redditibus
1969 1308 2169 1372 proutin
2183 1305 2353 1356 talibus

123 1365 222 1414 fieri
238 1364 424 1414 solitum
437 1364 503 1414 est
529 1397 544 1423 ⁴,
583 1366 879 1418 sibiconferri
893 1368 1004 1419 dieti
1016 1370 1347 1421 constituentis
1360 1375 1583 1432 nomine,
1618 1373 1812 1423 Stallum
1838 1389 2033 1440 quoque
2057 1377 2104 1424 in
2125 1375 2281 1424 choro
2304 1374 2355 1426 δι

123 1432 287 1486 locum
310 1434 357 1481 in
379 1434 588 1500 capitulo
604 1451 694 1484 nec
708 1453 806 1486 non
818 1439 1120 1504 corporalem
1133 1439 1183 1490 ὅ(
1195 1438 1426 1489 a&ualem
1441 1443 1707 1491 eorundem
1722 1443 2034 1491 canonicatus
2047 1442 2094 1493 ὅ(
2109 1442 2359 1508 prebende

125 1499 457 1567 poffeffionem
482 1517 591 1552 cum
615 1503 909 1569 plenitudine
929 1504 1049 1571 juris
1075 1508 1255 1558 tradi&
1268 1505 1481 1574 affignari
1504 1525 1595 1558 nec
1608 1525 1709 1560 non
1723 1510 1783 1558 de
1796 1509 2040 1560 statutis&
2054 1509 2355 1558 consuetudi-

126 1569 260 1617 nibus
273 1567 397 1617 όίἂε
408 1569 602 1620 ecclesie
615 1571 665 1622 <Sc
676 1573 872 1638 Capituli
895 1577 1215 1641 quodcunque
1226 1575 1406 1625 licitum
1412 1574 1742 1640 juramentum
1754 1579 1802 1627 in
1813 1580 2018 1627 animam
2033 1611 2048 1635 ‚
2079 1577 2217 1644 ipsius
2239 1592 2356 1625 con·

127 1635 570 1687 stituentisDomini
584 1640 932 1693 observandum
956 1642 1268 1709 praestandum
1291 1644 1663 1704 &·faciendum,
1695 1661 1843 1695 unum
1866 1661 2061 1711 quoque
2087 1643 2165 1694 vel
2197 1643 2356 1713 plures

125 1711 490 1771 procuratorem
509 1705 586 1755 vel
601 1719 935 1773 procuratores
949 1710 1065 1760 locis
1080 1711 1167 1760 suis
1180 1711 1565 1763 constituendum
1581 1713 1631 1764 ὅ(
1642 1728 1752 1762 eum
1768 1713 1846 1763 vel
1859 1728 1943 1761 eos
1964 1714 2291 1762 revocandum
2305 1711 2356 1762 ὅ(

129 1788 250 1821 onus
276 1774 625 1838 procurationis
648 1774 923 1840 hujusmodi
937 1780 982 1828 in
998 1779 1041 1828 se
1055 1779 1434 1829 reassumendum
1448 1815 1463 1838 ‚
1498 1782 1642 1831 toties
1654 1783 1843 1846 quoties
1858 1780 1907 1831 <Sc
1919 1781 2111 1844 quando
2125 1779 2357 1845 placuerit

128 1839 177 1890 ὅ(
192 1839 336 1889 visum
359 1840 501 1889 fuerit
525 1844 754 1907 expedire
774 1877 790 1902 ,
823 1845 872 1895 <Sc
894 1846 1179 1910 generaliter
1205 1849 1366 1896 omnia
1381 1848 1429 1896 ὅ(
1442 1848 1615 1912 fingula
1626 1850 1897 1896 faciendum
1911 1849 2177 1911 gerendum
2190 1858 2354 1892 excer-

131 1910 337 1956 cendum
357 1908 614 1956 dicendum
631 1910 681 1958 ὅ(
694 1917 1051 1974 procurandum
1067 1942 1080 1965 ‚
1115 1916 1269 1977 quein
1284 1913 1503 1977 prediffls
1518 1913 1772 1962 necessaria
1790 1915 1966 1961 fuerint
1987 1910 2358 1977 quomodolibet

130 1972 181 2024 ἀ
201 1983 444 2039 oportuna
468 2006 484 2031 ‚
520 1973 570 2025 ὃ(
595 1991 688 2040 que
709 1976 806 2041 ipse
827 1977 1118 2027 constituens
1131 1981 1312 2028 iaceret
1335 1980 1411 2027 seu
1425 1980 1583 2027 facere
1598 1979 1752 2044 posset
1765 1982 1814 2028 in
1830 1977 2057 2044 premiffis
2071 1978 2292 2026 omnibus
2303 1977 2356 2028 δι

133 2041 320 2106 singulis
343 2041 374 2088 fi
397 2041 584 2106 presens
608 2042 657 2091 ὅ(
680 2043 989 2109 personaliter
1007 2046 1248 2094 interesset
1273 2077 1285 2099 ,
1314 2047 1490 2094 etiamsi
1506 2046 1613 2093 talia
1634 2046 1797 2094 forent
1810 2061 1901 2112 que
1917 2047 2191 2093 mandatum
2205 2045 2355 2110 magis

132 2111 382 2173 exigerent
410 2108 609 2173 speciale
639 2126 780 2174 quam
805 2111 1096 2175 presentibus
1110 2113 1174 2160 est
1189 2112 1469 2177 expreslum.
1531 2113 1832 2178 ‘Promittens
1864 2113 2172 2162 nihilomiuus
2202 2111 2354 2162 ditius

129 2177 364 2225 Dominus
388 2174 680 2225 constituens
694 2178 1154 2228 mihiNotarioinfra
1169 2181 1341 2245 scripto
1359 2190 1585 2247 tanquam
1607 2181 1850 2229 autentice
1873 2181 2075 2246 persone
2096 2179 2354 2230 solenniter

128 2243 423 2309 stipulanti&
437 2243 788 2308 stipulationem
801 2249 1048 2312 recipienti
1063 2249 1169 2296 vice
1183 2249 1232 2298 ὅ(
1244 2249 1437 2296 nomine
1456 2249 1671 2296 omnium
1693 2248 1743 2298 ὅ(
1757 2247 2042 2313 singulorum
2057 2262 2261 2313 quorum
2285 2248 2354 2317 in-

131 2310 273 2360 terest
291 2313 365 2360 seu
380 2309 597 2360 interesse
611 2315 791 2376 poterit
806 2314 1171 2379 quomodolibet
1183 2317 1229 2363 in
1243 2315 1453 2364 futurum
1467 2316 1510 2364 se
1523 2325 1676 2363 ratum
1689 2325 1877 2381 gratum
1891 2324 2034 2381 atque
2047 2314 2234 2363 firmum
2247 2330 2356 2380 per-

132 2387 282 2445 petuo
298 2380 568 2428 habiturum
581 2388 738 2428 totum
751 2382 1002 2446 negotium
1016 2383 1064 2431 &
1078 2385 1300 2449 quicquid
1316 2398 1401 2448 per
1414 2381 1565 2432 ἀίἃοε
1580 2383 1686 2432 suos
1702 2392 2038 2449 procuratores
2054 2413 2070 2436 ‚
2107 2391 2189 2430 aut
2212 2381 2352 2453 abeis

134 2445 401 2495 substitutos
414 2445 571 2496 astum
583 2447 759 2497 fastum
775 2447 952 2497 dietum
966 2448 1148 2515 gestum
1165 2450 1256 2498 five
1269 2459 1576 2516 procuratum
1592 2451 1792 2499 fueritin
1806 2447 2033 2515 premissis
2047 2450 2123 2499 seu
2137 2448 2354 2514 quolibet

133 2512 474 2579 premissorum.
548 2515 782 2564 Relevans
800 2517 1104 2566 nihilominus
1120 2518 1168 2568 <Sc
1188 2519 1398 2567 relevare
1413 2517 1580 2566 volens
1596 2520 1792 2566 eosdem
1807 2519 1910 2566 suos
1927 2526 2261 2582 procuratores
2274 2525 2356 2566 aut

136 2580 256 2630 locis
269 2583 353 2629 suis
368 2581 708 2631 substituendos
722 2585 779 2631 ab
792 2585 924 2631 omni
938 2600 1086 2633 onere
1098 2583 1424 2650 cujuscunque
1438 2586 1675 2634 cautionis
1687 2586 1819 2634 solite
1837 2601 1946 2634 cun.
1964 2586 2185 2633 omnibus
2205 2584 2255 2633 δε
2266 2583 2352 2632 fin·-

135 2647 254 2714 gulis
278 2648 488 2697 clausulis
513 2650 739 2715 requisitis
760 2683 775 2707 ,
811 2652 922 2702 in&
935 2653 1013 2701 sub
1029 2653 1146 2716 juris
1161 2654 1208 2703 ὅ(
1221 2651 1329 2702 iasii
1343 2654 1706 2703 renunciatione
1719 2655 1774 2700 ad
1792 2653 1888 2701 hoc
1901 2650 2169 2701 necessaria.
2220 2652 2351 2700 Pro·-

136 2714 362 2765 testantes
387 2716 693 2766 nihilominus
716 2721 842 2768 idem
858 2720 1092 2769 Dominus
1104 2719 1421 2778 constituens,
1458 2723 1586 2786 quod
1609 2720 1706 2785 ipse
1728 2735 1814 2785 per
1836 2733 2172 2785 quemcunque
2191 2717 2354 2768 aetum

141 2782 233 2832 sive
256 2798 589 2848 quamcunque
612 2788 1011 2851 cooperationem
1035 2803 1178 2854 quem
1200 2789 1273 2836 vel
1295 2788 1596 2853 quamipsum
1610 2788 1658 2834 in
1672 2787 1911 2853 posterum
1934 2787 1981 2834 in
1994 2787 2084 2834 hac
2096 2787 2228 2835 causa
2250 2801 2356 2851 pre·

141 2850 261 2898 senti
282 2852 440 2898 tacere
460 2851 711 2915 contingat
724 2853 800 2900 vel
813 2864 1038 2918 oporteat
1051 2856 1241 2920 propria
1254 2858 1301 2904 in
1320 2856 1517 2921 persona
1538 2855 1587 2904 in
1599 2851 1784 2918 judicio
1798 2855 1874 2902 vel
1887 2862 2016 2902 extra
2031 2885 2046 2910 ‚
2077 2868 2177 2901 non
2199 2854 2353 2902 inten-

140 2918 211 2965 dit
225 2926 481 2982 propterea
495 2917 647 2967 dietos
662 2919 767 2966 suos
782 2932 1113 2982 procuratores
1125 2923 1203 2971 vel
1216 2926 1274 2972 ab
1288 2925 1354 2972 eis
1369 2922 1636 2971 substitutos
1653 2923 1702 2970 in
1725 2920 1883 2986 aliquo
1904 2935 2159 2979 revocare,
2191 2920 2269 2968 nisi
2289 2923 2353 2969 de

141 2982 418 3048 hujusmodi
438 2988 751 3038 revocatione
775 2987 1026 3054 specialem
1049 2990 1099 3041 ὅ(
1112 2990 1373 3057 expressam
1395 2990 1565 3041 fecerit
1579 2989 1893 3042 mentionem.
1961 2989 2113 3056 Super
2129 2989 2354 3039 omnibus

2297 3053 2352 3107 ὃς
