2471 3463
62 26 93 36 p

676 60 701 75 ἐν

98 253 111 261 θ
141 179 433 247 2.Cap.acf)te
444 176 668 241 ffiepssssseb
851 189 957 233 von
969 179 1065 231 ben
1077 178 1419 228 MEMORIEN
1433 178 1505 230 i'm
1521 178 1681 235 bom.
2188 186 2290 243 877

74 310 182 360 liter
195 311 356 359 omnia
366 310 416 359 ἀ
428 305 602 371 singula
612 303 882 352 faciendum
894 299 1144 347 dicendum
1159 295 1417 359 gerendum
1432 295 1725 343 exerendum
1750 297 2197 360 procurandumque
2231 296 2280 342 in

73 375 300 444 premiffis
312 377 363 427 ἀ
374 378 498 425 circa
509 388 565 421 ea
577 368 827 420 necessaria
837 368 1012 416 fuerint
1024 366 1098 413 seu
1111 359 1474 428 quomodolibet
1487 370 1760 425 opportuna
1771 395 1786 418 ,
1822 362 1871 410 ὅ(
1882 377 1974 426 que
1987 361 2169 425 ipsimet
2182 360 2279 408 Do·

72 445 189 495 mini
204 444 543 492 constituentes
565 439 779 488 facerent
802 435 878 483 seu
897 433 1055 481 facere
1068 427 1253 497 possent
1265 427 1297 476 si
1309 425 1534 492 premissis
1549 429 1769 477 omnibus
1779 428 1829 478 ἀ
1841 427 2024 492 singulis
2034 426 2279 492 personali·

73 509 431 561 terintereffent
442 542 457 566 ‚
493 509 636 556 etiam
650 505 679 553 si
692 502 800 552 talia
811 502 986 550 fuerint
997 531 1011 556 ‚
1048 512 1139 563 que
1161 495 1437 544 mandatum
1450 493 1633 542 exseret
1645 495 1792 558 magis
1809 494 2006 558 speciale
2021 510 2161 559 quam
2175 508 2279 558 pre-

74 578 192 628 senti
204 577 254 627 &
266 575 549 644 expressum.
618 569 959 621 Promittentes
971 566 1153 629 insuper
1174 560 1285 610 dieti
1306 562 1504 610 Domini
1526 559 1866 610 constituentes
1879 595 1894 618 ‚
1926 562 2042 610 mihi
2074 561 2279 609 Notario

74 645 270 712 publico
292 645 411 697 infra
432 643 604 707 scripto
627 647 851 702 tanquam
866 634 1065 700 persone
1078 629 1263 696 publice
1274 628 1324 678 <Sc
1335 629 1611 677 authentice
1626 625 1933 691 solempniter
1947 627 2214 692 stipulantes
2229 627 2281 677 ὃ(

72 712 389 777 recipientes,
424 713 531 762 vice
544 708 593 757 ὅ(
604 706 798 754 nomine
812 701 1028 750 omnium
1040 698 1090 748 ὅ(
1102 695 1387 760 singulorum
1402 710 1604 760 quorum
1615 693 1809 743 interest
1819 695 2034 742 intererit
2049 694 2123 743 seu
2135 695 2279 741 inter·
2319 695 2323 697 ’

73 777 168 829 effe
193 782 374 844 poterit
395 814 414 840 ‚
443 773 809 845 quomodolibet
833 770 880 818 in
891 767 1101 821 futurum
1121 772 1278 811 ratum
1290 770 1480 826 gratum
1492 770 1635 827 atque
1647 761 1836 810 firmum
1849 769 2086 826 perpetuo
2096 762 2281 809 habitu·

72 861 155 897 ros
168 875 186 903 ‚
219 856 379 897 totum
400 848 447 896 id
469 846 519 895 δε
541 840 762 908 quicquid
786 850 871 900 per
892 832 1045 883 distos
1066 846 1234 886 eorum
1250 836 1584 893 procuratores
1607 828 1890 878 constitutos
1905 827 2174 878 substitutos
2197 827 2280 876 vel

74 912 420 964 substituendos
441 914 498 962 ab
519 911 585 958 eis
609 940 626 966 ,
661 908 740 954 seu
763 899 1113 965 eorumaltero
1127 896 1284 946 aetum
1297 893 1473 943 fastum
1490 895 1666 944 diEium
1679 895 1859 961 gestum
1877 902 2281 961 procuratumque

74 981 217 1032 suerit
236 984 284 1031 in
297 977 522 1048 premiffis
534 977 609 1025 seu
629 967 958 1039 premissorum
979 965 1157 1030 aliquo.
1221 961 1509 1011 Relevantes
1521 962 1827 1012 nihilominus
1838 963 1885 1013 ὃ(
1897 963 2106 1011 relevare
2119 960 2285 1010 velen-¹

74 1055 149 1098 tes
161 1056 496 1112 procuratores
508 1056 673 1092 eorum
686 1035 959 1101 hujusmodi
973 1029 1256 1082 constitutos
1270 1028 1346 1078 vel
1357 1032 1416 1079 ab
1427 1030 1494 1078 eis
1505 1037 1586 1078 aut
1598 1043 1766 1079 eorum
1781 1029 2028 1079 substitutis
2042 1029 2120 1078 seu
2132 1025 2286 1078 substi·
2298 1083 2300 1086 y

75 1116 267 1165 tuendis
279 1116 329 1166 &
339 1129 506 1164 eorum
519 1106 778 1176 quemlibet
789 1105 848 1152 ab
861 1103 993 1151 omni
1006 1113 1154 1148 onere
1169 1098 1416 1146 satisdandi
1421 1096 1605 1162 judicio
1627 1096 1711 1146 sisti
1724 1131 1740 1156 ‚
1771 1095 2032 1162 judicatum
2049 1096 2158 1145 salvi
2171 1110 2283 1144 cum

76 1185 299 1232 omnibus
321 1184 372 1234 ὅ(
392 1177 576 1245 singulis
596 1170 857 1223 necessariis
870 1170 921 1220 ὅ(
933 1165 1184 1234 oportunis
1195 1163 1276 1214 sub
1289 1165 1531 1232 hypoteca
1544 1165 1594 1215 ὅ(
1605 1164 1899 1230 obligatione
1911 1165 2125 1213 omnium
2137 1163 2187 1212 δε
2198 1163 2282 1211 sin-
2298 1218 2302 1222 .

75 1249 298 1316 gulorum
315 1252 558 1299 bonorum
578 1242 785 1308 ipsorum
802 1235 1051 1286 mobilium
1069 1234 1120 1283 ὅ(
1140 1233 1455 1282 immobilium
1477 1234 1763 1297 presentium
1784 1233 1834 1282 ὅ(
1855 1232 2123 1282 futurorum
2135 1231 2283 1280 acsub

75 1321 211 1368 omni
233 1318 353 1382 Juris
373 1316 424 1365 ὅ(
444 1311 557 1374 ἱειᾷἰ
579 1306 943 1360 renunciatione
963 1303 1022 1352 ad
1041 1302 1134 1350 hec
1156 1297 1410 1349 necessaria
1421 1300 1597 1366 pariter
1610 1300 1658 1350 ὅ(
1671 1299 1870 1351 cautela.
1941 1300 2092 1364 Super
2115 1300 2283 1362 quibus

77 1387 299 1435 omnibus
320 1384 369 1434 δε
392 1379 576 1446 singulis
597 1369 824 1443 premiffis
841 1369 953 1421 dieti
971 1367 1168 1419 Domini
1190 1367 1533 1418 constituentes
1554 1383 1633 1417 me
1646 1369 1898 1417 Notarium
1911 1366 2151 1431 publicum
2164 1365 2285 1412 infra

74 1449 300 1513 scriptum
310 1451 520 1516 legitime
532 1443 869 1510 requisiverunt
879 1437 1152 1505 petentibus
1163 1435 1266 1501 ipsis
1279 1452 1305 1484 a
1314 1452 1392 1485 me
1403 1451 1550 1484 unum
1560 1436 1637 1485 vel
1651 1435 1781 1499 plura
1793 1433 2034 1500 publicum
2048 1433 2123 1482 seu
2138 1431 2288 1497 publi-

74 1531 132 1567 ca
144 1514 246 1568 fieri
257 1526 400 1584 atque
412 1516 532 1566 tradi
541 1512 900 1562 instrumentum
914 1506 962 1556 ὅ(
975 1503 1280 1555 instrumenta
1292 1537 1309 1562 ‚
1343 1503 1465 1552 Aera
1488 1503 1678 1552 fuerunt
1700 1503 1803 1552 haec
1816 1501 2097 1549 Hamborch
2107 1499 2285 1549 ibidem

74 1586 125 1634 in
146 1585 297 1635 domo
320 1582 583 1650 Capitulari
604 1577 818 1644 ejusdem
841 1573 1036 1623 ecclesie
1059 1577 1203 1621 Anno
1213 1571 1476 1621 indiffione
1486 1573 1561 1619 die
1574 1570 1731 1620 mense
1746 1567 2023 1636 pontificatu
2037 1569 2203 1633 quibus
2215 1566 2287 1615 su·

74 1667 163 1718 pra
181 1654 471 1720 presentibus
493 1650 665 1699 ibidem
687 1641 954 1694 honorabili
977 1641 1083 1689 viro
1107 1641 1320 1688 Domino
1347 1637 1566 1704 Magistro
1594 1638 1868 1686 Bernhardo
1880 1637 2088 1684 Witten
2101 1648 2287 1701 preme-

74 1729 272 1770 moratae
295 1718 490 1769 ecclesie
514 1716 710 1764 Vicario
733 1712 784 1762 ὃ(
805 1710 1013 1774 Casparo
1035 1709 1252 1756 Siverdes
1275 1737 1289 1760 .
1322 1705 1436 1756 dieti
1459 1705 1759 1756 Venerabilis
1774 1702 1982 1770 Capituli
1999 1702 2280 1752 Camerario

76 1783 270 1837 testibus
282 1789 341 1837 ad
355 1782 571 1852 premissa
580 1781 765 1833 vocatis
775 1777 956 1844 rogatis
969 1777 1236 1842 pariterque
1247 1773 1489 1841 requisitis.

784 1900 845 1948 Et
864 1914 959 1964 ego
972 1896 1162 1962 Jochim
1174 1894 1448 1944 Nienhusen
1461 1893 1674 1943 Clericus
1688 1890 1980 1940 Caminensis
1991 1888 2197 1941 Diocesis
2221 1888 2284 1939 sa·

846 1979 1022 2031 eraque
1068 1960 1300 2026 imperiali
1339 1959 1621 2009 au&oritate
1658 1960 1883 2008 Notarius
1914 1960 2021 2023 quia
2047 1956 2284 2022 praemissis

207 1985 263 2140 [
605 1986 651 2137 ]
847 2032 1071 2081 omnibus
1104 2029 1153 2079 ὃς
1186 2028 1368 2091 singulis
1402 2029 1516 2075 dum
1546 2027 1605 2075 sic
1644 2034 1697 2075 ut
1725 2024 2286 2090 premittitur‘fierent&

396 2110 428 2144 ο
576 2108 607 2140 0
845 2105 1099 2163 agerentur
1130 2111 1226 2142 una
1257 2110 1366 2141 cum
1397 2093 1748 2158 praenominatis
1783 2090 1976 2139 testibus
1998 2091 2187 2156 presens
2218 2094 2287 2140 in·

840 2165 1016 2221 tersui,
1052 2176 1203 2226 eaque
1234 2163 1394 2209 omnia
1422 2160 1471 2209 &
1505 2159 1678 2223 singula
1700 2157 1759 2206 sic
1783 2155 1883 2207 fieri
1906 2158 2003 2206 vidi
2029 2158 2087 2207 ὅ(
2123 2160 2286 2208 audivi

72 2248 218 2306 atque
237 2240 286 2288 in
315 2243 483 2287 notam
508 2232 690 2299 sumpsi.
758 2232 830 2281 Ex
848 2247 940 2298 qua
964 2230 1152 2295 presens
1175 2226 1416 2293 publicum
1440 2224 1799 2274 instrumentum
1822 2240 1966 2273 manu
1978 2226 2170 2291 propria
2183 2226 2285 2275 scri·

74 2304 432 2373 ptum-confeci
465 2300 698 2366 subscripsi
724 2298 961 2364 publicavi
992 2297 1040 2347 ὅ(
1067 2298 1114 2345 in
1141 2294 1265 2343 hanc
1290 2293 1524 2359 publicam
1558 2292 1851 2341 instrumenti
1873 2293 2080 2340 sormam
2103 2293 2283 2356 redegi.

21 2388 28 2390 ’
75 2375 318 2439 Signoque
329 2370 524 2419 nomine
535 2368 886 2431 &cognomine
901 2366 1016 2421 meis
1034 2362 1174 2412 solitis
1185 2362 1233 2411 ὅ(
1246 2361 1480 2410 consuetis
1494 2354 1666 2425 signavi
1685 2361 1734 2410 &
1754 2361 1995 2408 roboravi.
2066 2359 2117 2406 In
2140 2358 2286 2428 fidem

75 2442 126 2491 ἀ
151 2442 347 2490 evidens
368 2436 688 2485 testimonium
711 2433 926 2483 omnium
947 2431 997 2482 ὅ(
1019 2428 1303 2496 singulorum
1315 2425 1649 2494 praemissorum
1663 2426 1925 2494 specialiter
1935 2433 2136 2477 vocatus
2149 2442 2287 2492 roga-

79 2515 156 2557 tus
179 2507 229 2558 &
251 2504 509 2572 requisitus.

72 2648 159 2721 ³18.
204 2664 566 2712 Documentum
587 2658 832 2708 Notariale
857 2690 872 2716 ,
905 2656 1062 2705 literas
1092 2655 1332 2704 citatorias
1360 2655 1409 2702 in
1437 2654 1582 2703 eausae
1609 2652 1788 2705 Slateri
1811 2659 1977 2704 contra
2009 2638 2285 2719 Capitulum

143 2728 500 2795 Hamburgense
512 2728 710 2775 Decano
725 2723 937 2790 ejusdem
950 2720 1302 2774 etaffidenribus
1325 2719 1623 2787 praesentatas
1636 2723 1685 2773 ὅ(
1699 2721 1946 2771 insinuatas
1958 2754 1972 2779 ‚
2007 2722 2218 2770 recusata

339 2861 350 2868 *v
389 2809 509 2846 vero
521 2795 805 2860 acceptione
815 2791 961 2842 valvis
975 2791 1140 2858 templi
1152 2787 1312 2839 affixas
1326 2786 1416 2841 esse
1429 2793 1524 2841 An.
1542 2804 1559 2836 1
1575 2804 1596 2850 5
1609 2803 1682 2851 52.
1696 2791 1742 2843 d.
1761 2804 1836 2853 31.
1851 2789 1972 2837 Dec.

74 2923 157 3022 In
194 2921 392 2971 nomine
433 2915 599 2996 sandi-ze
633 2915 683 2967 ὅ(
715 2914 1238 2993 individuae-Trinitatis
1272 2886 1446 2967 Amen-
1515 2910 1605 2963 Per
1629 2914 1735 2993 ¹²9⁶.
1748 2911 1936 2990 presens
1957 2909 2197 2989 publicum
2218 2910 2288 2960 in-

158 2988 468 3041 strumentum
489 2983 713 3042 umvetssss
748 2982 800 3034 ὅ(
825 2982 1010 3051 Singulis
1027 2997 1352 3116 εέιέεὲιέὲςὲε
1381 2980 1525 3033 status
1554 2983 1918 3036 conditionisve
1937 2976 2287 3099 εκιίέῗίἕέἑξὲξ
