2471 3463
205 237 297 272 100
889 211 1162 266 urbanum
1195 213 1302 266 uno
1328 214 1681 275 mammen
2080 188 2086 189 ἢ
2122 183 2364 280 maroa.

190 354 453 418 posuerunt
471 384 487 407 ‚
521 347 714 396 cuilibet
734 345 814 395 tali
838 347 886 394 in
906 344 1120 411 qualibus
1142 345 1408 408 quamdena
1432 379 1445 403 ‚
1483 361 1630 394 unum
1653 363 1828 412 panem
1863 350 2102 397 triticeum
2125 349 2186 395 de
2210 346 2288 395 sex
2313 344 2393 392 de·
2463 375 2467 378 -

188 421 325 469 nariis
355 418 640 485 procurabit.
680 418 704 478 †
1616 442 1630 444 -

360 502 478 548 Item
500 498 528 545 si
550 498 759 545 Domino
783 495 1082 544 concedente
1116 495 1423 558 contingeret
1445 530 1460 553 ‚
1497 509 1557 542 ex
1592 493 1866 559 hujusmodi
1883 498 2070 546 Vicarii·
2087 495 2224 546 eleffl
2248 495 2298 546 &
2321 511 2395 543 ors-
2455 501 2471 534 ἶ

182 568 337 616 vdinati
359 583 415 616 ac
435 567 649 614 omnium
674 564 959 612 vicariorum
984 561 1203 609 industria
1227 562 1470 626 diligenti,
1503 577 1562 611 ac
1585 563 1745 621 ahter,
1765 566 1992 629 pecunias
2016 565 2064 614 ὅ(
2085 562 2397 613 Γεάόίωςίὶιὶῖ·
2462 562 2471 615 ,ἶ

188 634 406 696 ficienter
429 633 667 697 adaugeri.
735 631 804 677 Ex
828 638 943 676 tunc
965 630 1091 676 idem
1114 628 1291 677 eleems
1316 631 1374 676 de
1398 630 1540 687 scitu,
1579 631 1801 680 consensu
1825 632 1873 683 δε
1891 631 2140 682 voluntate
2161 630 2398 680 ditiorum

187 703 476 751 vicariorum
498 701 566 747 de*
581 698 790 762 pecuniis
813 697 862 745 ὃς
883 696 1141 743 redditibus
1167 711 1314 760 panes
1333 698 1463 744 dabit
1483 699 1741 746 uberiores.
2195 692 2199 696 ’
2469 699 2471 704 ’

358 770 479 816 Item
510 765 705 831 quilibet
728 763 1032 810 Vicariorum
1066 762 1336 811 nostrorum
1358 765 1652 829 personalem
1691 766 1989 815 residentiam
2012 764 2310 813 immutando
2334 767 2396 811 ext

186 852 323 886 more
350 837 399 885 <Sc
421 837 478 882 ad
502 831 890 880 consuetudinem
911 831 1043 895 fiJpra
1077 839 1312 879 narratam
1336 865 1350 890 ,
1405 840 1520 881 tunc
1543 832 1664 880 ultra
1685 835 1797 881 duas
1823 834 2103 898 septimanas
2125 827 2396 895 hujusmodi
2464 830 2471 875 ἐ

185 920 333 970 panes
358 901 599 952 sublevare
622 914 721 946 non
743 899 901 946 debet.
982 899 1088 945 Nec
1114 899 1239 962 prius
1264 900 1539 948 admittatur
1558 902 1617 948 ad
1638 916 1816 965 panum
1839 901 2138 951 &luminum
2161 898 2396 965 percepti-

187 971 331 1020 onem
353 1005 367 1028 ‚
403 970 557 1017 donec
581 968 707 1015 suam
740 964 1037 1013 refidentiam
1058 965 1244 1014 vicariis
1265 966 1343 1016 vel
1377 968 1614 1032 deputatis
1643 968 1944 1019 insinuaverit
1966 969 2014 1018 ὅ(
2040 982 2147 1016 eam
2168 966 2393 1031 deinceps
2464 988 2471 999 μ

166 1050 169 1057 “
184 1037 549 1087 continuaverit.
793 1059 797 1061 ἡ

354 1106 474 1153 Item
495 1102 524 1150 fi
547 1101 647 1167 quis
658 1101 962 1150 Vicariorum
983 1102 1109 1148 suam
1128 1101 1370 1150 Vicariam
1402 1101 1706 1167 resignaverit
1734 1136 1748 1158 ,
1785 1101 2163 1167 permutaverit,
2193 1099 2273 1150 vel
2284 1096 2393 1166 jure

184 1173 414 1229 amiserit,
450 1186 508 1218 ex
534 1177 647 1217 tunc
671 1169 943 1216 immediate
965 1168 1317 1233 aperceptione
1341 1185 1518 1233 panum
1532 1169 1583 1217 sit
1596 1170 1788 1217 alienus.

356 1259 476 1306 Item
491 1291 506 1314 ‚
534 1254 736 1304 fimiliter
758 1253 788 1300 si
811 1256 1132 1319 unusquisque
1155 1256 1455 1303 Vicariorum
1478 1258 1603 1304 diem
1625 1256 1837 1305 clauserit
1859 1264 2153 1313 extremum,
2188 1270 2250 1303 ex
2276 1262 2393 1303 tunc
2462 1245 2471 1274 ⁷

183 1325 545 1375 Testamentarii
565 1324 628 1370 sui
647 1355 661 1378 ,
697 1320 773 1369 vel
788 1322 953 1384 quibus
965 1322 1011 1368 iu
1027 1320 1312 1369 testamento
1335 1323 1651 1380 commiserit,
1677 1340 1821 1389 panes
1835 1324 2139 1374 Vicariorum
2159 1321 2186 1369 a
2203 1324 2278 1371 die
2291 1323 2392 1372 obi-
2433 1324 2464 1359 ’ν

184 1402 260 1442 tus
285 1391 613 1456 computando
640 1389 697 1434 ad
711 1389 823 1434 duas
838 1387 1118 1450 septimanas
1139 1388 1373 1452 postulare
1397 1388 1603 1452 possunt.

351 1475 475 1522 Item
491 1468 710 1518 Vicarius
749 1469 808 1515 ad
842 1465 1114 1531 hujusmodi
1151 1469 1360 1518 officium
1399 1472 1642 1520 ordinatus
1666 1473 1724 1519 ad
1747 1472 2017 1521 faciendum
2043 1471 2227 1536 singulis
2259 1473 2391 1521 annis

183 1550 468 1608 computum
490 1539 540 1587 &
560 1537 795 1584 rationem
819 1538 876 1583 de
902 1538 1140 1601 perceptis
1163 1540 1221 1585 ad
1243 1539 1346 1586 usus
1363 1538 1616 1603 ''praedifitos
1639 1540 1687 1589 ὅ(
1701 1540 1947 1604 expositis,
1967 1549 2138 1588 tenore
2159 1540 2395 1605 praesenti-

180 1627 264 1659 um
289 1606 606 1672 restringitur,
627 1603 676 1653 ὃς
701 1602 730 1649 si
756 1604 865 1666 quid
879 1604 1159 1667 superfuerit
1180 1605 1259 1653 vel
1290 1608 1522 1654 defecerit
1546 1623 1671 1654 anno
1693 1607 1984 1670 subsequenti
2009 1641 2023 1664 ,
2057 1615 2139 1656 aut
2159 1606 2395 1655 calculum

180 1677 432 1726 monitoris
456 1673 672 1721 moderni
696 1674 791 1717 luas
813 1669 1055 1718 restantias
1080 1674 1323 1736 purgabit,
1360 1673 1410 1722 ὅ(
1428 1673 1485 1721 fic
1508 1675 1590 1722 suo
1612 1689 1746 1722 more
1770 1673 1998 1722 restantiae
2023 1675 2392 1732 conscribantur,

181 1746 341 1792 donec
363 1743 535 1790 modus
556 1739 786 1804 quadrans
806 1738 948 1784 fuerit
970 1746 1213 1802 purgatus,

351 1825 472 1871 Item
496 1818 756 1886 quemlibet
780 1816 988 1865 nostrum
1013 1820 1070 1865 ad
1096 1816 1369 1882 hujusmodi
1385 1810 1655 1869 reddituum
1686 1820 1736 1869 «Sc
1756 1822 2063 1887 pecuniarum
2084 1812 2395 1887 augmentum

175 1889 316 1957 juxta
339 1891 470 1938 suum
493 1885 624 1953 posse
642 1891 873 1951 perpetua
895 1884 1157 1934 sinceritate
1180 1886 1389 1952 obligari.
2153 1914 2157 1915 ν

650 1983 714 2026 De
736 1981 803 2026 his
827 1982 906 2042 qui
928 1980 1035 2026 dant
1053 1996 1184 2043 panes
1204 1984 1280 2028 vel
1297 1983 1464 2029 lumina
1478 1983 1676 2046 suspet‘iis
1700 1966 1904 2045 personis.

350 2076 470 2122 Item
485 2105 500 2129 ,
537 2071 645 2135 quia
665 2076 718 2117 ut
741 2068 984 2134 praefertur
1009 2069 1216 2134 praediffi
1242 2073 1451 2121 redditus
1474 2075 1539 2130 ad¹
1554 2075 1658 2120 usus
1682 2071 1946 2120 antedi&os
1968 2072 2027 2119 ad
2045 2073 2388 2121 honoremDei

185 2141 532 2206 omnipotentis
557 2138 739 2201 suaeque
775 2139 1067 2184 intemeratae
1093 2140 1346 2202 genetricis
1372 2141 1564 2204 virginis
1590 2141 1748 2187 Mariae
1770 2140 1824 2188 &-
1845 2141 1902 2185 ad
1923 2141 2183 2187 animarum
2203 2139 2386 2188 nostro-

171 2227 283 2263 ,rum
304 2205 692 2261 benefacitornm,
728 2205 1035 2268 omniumque
1061 2204 1266 2253 fidelium
1288 2207 1623 2256 defun&orum
1645 2207 1835 2254 salutem
1857 2206 1958 2253 sunt
1978 2207 2153 2270 adepti·
2224 2208 2385 2255 Nemo
2439 2244 2442 2246 -

182 2293 296 2339 ergo
321 2273 530 2322 nostrum
554 2273 728 2319 audeat
751 2268 1024 2333 hujusmodi
1049 2281 1312 2334 proventus
1337 2275 1558 2322 videlicet
1587 2273 1805 2321 candelas
1830 2273 1876 2321 ὃ(
1900 2287 2047 2336 panes
2069 2270 2282 2336 suspeetis
2306 2282 2388 2322 aut

183 2342 431 2392 diffamatis
457 2340 665 2404 personis
686 2337 884 2402 elargiri.
957 2339 1102 2403 Qod
1126 2338 1153 2384 si
1177 2342 1277 2402 quis
1309 2342 1415 2388 ausu
1434 2341 1686 2388 temerario
1709 2340 1836 2386 secus
1860 2339 2006 2386 saciet
2024 2341 2153 2402 quod
2176 2355 2275 2386 non
2288 2341 2386 2404 spe-

182 2424 364 2464 ramus,
393 2407 500 2463 tali,
521 2406 772 2474 secundum
799 2403 954 2452 deliffi
979 2407 1291 2469 quantitatem
1315 2407 1341 2453 a
1363 2408 1562 2455 Vicariis
1577 2404 1714 2470 juxta
1728 2421 1894 2453 eorum
1923 2405 2253 2452 discretionem
2280 2423 2384 2470 poe-
2447 2444 2453 2448 .

183 2495 245 2527 na
268 2473 414 2539 infligi
437 2474 594 2520 debet.
667 2472 814 2537 Qod
838 2471 866 2518 fi
889 2474 1098 2519 monitus
1119 2472 1260 2520 fuerit
1279 2473 1327 2523 &
1347 2473 1671 2538 incorrigibilis
1685 2471 2017 2539 permanserit,
2032 2487 2091 2520 ex
2112 2479 2225 2521 tunc
2239 2471 2265 2520 ἒι
2279 2488 2383 2538 per-

181 2543 408 2611 ceptione
430 2555 608 2604 panum
628 2538 677 2586 &
699 2539 927 2586 luminum
954 2539 1005 2586 sit
1028 2539 1219 2588 alienus.
1371 2537 1382 2547 “

567 2639 634 2680 De
651 2633 778 2693 Miffis
802 2635 1064 2682 celebrandis
1086 2638 1112 2682 ἆ
1128 2629 1488 2701 participantibus
1509 2639 1718 2685 luminum
1741 2639 1817 2684 vel
1826 2652 2000 2702 panum.

353 2721 473 2766 Item
496 2732 558 2765 ex
580 2731 676 2781 quo
698 2715 888 2780 praefata
909 2718 1173 2768 fraternitas
1187 2754 1202 2778 ,
1225 2737 1324 2769 non
1347 2721 1493 2769 solum
1515 2737 1605 2786 pro
1625 2721 1761 2769 lucris
1777 2715 2113 2784 temporalibus
2127 2717 2379 2777 inhiandis,

182 2788 258 2837 sed
284 2787 413 2851 quod
436 2785 582 2849 magis
605 2798 695 2848 pro
716 2783 853 2829 donis
875 2784 1162 2844 coelestibus,
1198 2788 1247 2837 ὅ(
1269 2790 1332 2836 ob
1354 2789 1619 2837 animarum
1641 2787 1923 2841 nostrarum,
1961 2783 2383 2835 benesad'torum&
2429 2806 2431 2809 ·

182 2857 394 2903 omnium
408 2850 612 2899 fidelium
633 2847 965 2897 defunetorum
981 2851 1171 2901 salutem
1185 2855 1423 2903 salubriter
1445 2856 1493 2904 sit
1520 2855 1726 2903 Instituta
1748 2886 1762 2910 ‚
1798 2853 1847 2901 ὅ(
1870 2867 2101 2914 nusquam
2125 2850 2262 2908 alia8‚
2297 2853 2381 2901 nisi

182 2921 376 2985 vigiliis,
386 2917 579 2982 jejuniis
600 2914 808 2974 assiduis,
839 2917 1222 2987 orationibusque
1263 2924 1448 2971 devotis
1469 2938 1522 2970 ac
1537 2922 1632 2970 aliis
1656 2921 1743 2986 piis
1768 2920 1988 2983 operibus
2011 2918 2152 2983 poffit
2173 2919 2378 2983 adipisci.
2437 2959 2443 2962 .

2247 2986 2376 3035 Hinc

301 3105 331 3147 ’ξ
359 3102 465 3139 Nunc
484 3115 570 3141 vero
589 3100 677 3138 duas
695 3093 851 3139 femellas
869 3105 904 3139 εκ
926 3100 1021 3138 duos
1041 3113 1167 3152 panes.
1195 3104 1393 3153 quemlibet
1415 3113 1553 3156 panem
1573 3102 1618 3142 de
1637 3101 1759 3143 valore
1777 3113 1932 3153 quatuor
1950 3100 2011 3142 sed
2031 3088 2244 3142 sollicitabitss
2297 3101 2378 3150 Jam

358 3167 444 3198 vero
463 3155 530 3198 seit.
589 3158 691 3195 Hanc
709 3167 835 3196 notam
855 3158 992 3210 Georg.
1006 3153 1107 3195 Rosae
1132 3156 1308 3209 absctipsit
1338 3171 1479 3200 manus.
