2471 3463
201 213 300 253 210
884 192 1158 249 urtunben
1173 194 1278 247 υηδ
1303 188 1653 250 ωαώτίᾶκω
1741 160 1743 162 ¹
1794 185 1809 202 ⁵
1928 246 1930 248 ,
2078 194 2312 256 3.Period.

328 322 595 371 LXXXIII.
610 321 860 372 Gualterus
873 327 932 371 de
945 323 1230 372 Constantiis
1242 324 1605 381 oxeneforden,
1623 327 2028 376 Archi-Diaconus
2039 304 2204 374 monet
2211 309 2382 373 B.Exo-v

196 391 403 440 niensem
415 390 711 455 Episcopum,
727 398 948 456 tanquam
956 388 1167 455 judicem
1180 388 1543 440 Ecclesiasticum
1554 424 1569 448 .,
1604 399 1657 439 ut
1673 393 2025 444 matrimonium
2047 394 2170 440 inter
2193 390 2383 438 consan-

199 458 394 528 guineos
413 457 652 521 illegitime
673 457 961 505 celebratum
987 473 1045 505 ex
1069 459 1292 506 mandato
1314 458 1373 507 R.
1386 458 1524 506 Pont.
1539 457 1766 508 diffolvat.
1813 464 1916 506 Cum
1931 463 2121 523 plurima
2139 461 2381 506 literarum.
2438 523 2442 526 ῃ

330 541 479 589 XCII.
509 543 586 589 Ad
616 541 923 605 Reginaldum
956 542 1231 607 Episcopum
1260 542 1637 590 Bathoniensem.
1739 543 2048 592 Invehiturin
2068 539 2260 591 Zoilum
2286 539 2385 603 scri-

196 613 391 673 ptorum
416 607 601 656 suorum
627 606 995 656 obtreE’mtorem
1020 612 1186 663 Audio,
1216 611 1336 672 quod
1348 610 1464 671 apud
1479 626 1549 656 vos
1572 610 1798 657 dett-atior.
2068 645 2071 649 ›
2151 630 2153 632 ·

330 693 389 742 C.
427 694 503 741 Ad
527 694 584 740 R.
599 694 816 740 amicum.
886 693 930 740 T
933 700 1069 741 uetur
1088 682 1263 742 famam
1294 691 1537 758 cujusdam
1560 693 1917 758 Archiepiscopi
1942 691 2091 750 novi,
2137 690 2216 754 qui
2236 689 2294 737 de
2318 688 2385 734 ni-

195 763 289 811 mia
309 761 504 809 lenitate
528 760 825 807 accusabatur
846 792 861 815 ‚
898 774 953 807 ac
973 761 1069 809 fuse
1094 760 1297 808 ostendit
1319 793 1334 817 ‚
1369 776 1469 825 quae
1487 760 1652 808 lenitas
1674 760 1811 808 laude
1832 793 1847 818 ,
1893 762 1994 824 qu'ae
2013 754 2385 823 repraeh'ensione

196 825 336 892 digna
358 826 409 875 fit
429 827 476 874 In
497 827 736 892 episcopo.
803 832 1068 874 lnnocentem
1086 833 1232 889 argutis
1252 861 1266 885 ‚
1298 830 1527 890 virumque
1540 829 1719 890 fortem.

328 907 428 956 CI.
461 908 540 954 Ad
561 907 822 955 Robertum
844 908 1002 955 Archi·
1013 908 1280 956 Diaconum
1302 909 1667 957 Nannetensem.
1769 907 2001 971 Judicium
2034 906 2164 955 suum
2185 904 2387 969 exponit
2466 928 2471 931 -

193 975 254 1021 de
275 974 470 1039 ingenio
491 980 724 1038 nepotum
743 975 942 1020 duorum
964 975 1049 1022 suae
1069 973 1358 1025 instruffloni
1390 974 1742 1023 commissorum
1768 1007 1782 1031 ,
1846 974 2067 1038 simulque
2101 976 2247 1021 docet
2285 986 2386 1018 non
2438 973 2462 986 ‘·

192 1040 273 1089 nisi
291 1039 423 1104 jaffis
449 1040 598 1105 probe
618 1040 934 1089 fundamentis
958 1040 1304 1095 ‚Grammatices
1328 1043 1386 1090 ad
1409 1042 1670 1092 sublimiora
1689 1041 1835 1089 studia
1858 1041 2201 1108 prosiliendum.
2268 1042 2386 1085 Duos

190 1108 218 1151 e*
238 1108 448 1170 nepotibus
472 1106 595 1154 mihi.
1621 1144 1628 1148 ,

330 1189 461 1237 CIV.
499 1189 558 1236 ad
577 1186 826 1235 Decanum
848 1187 897 1237 &
920 1187 1195 1253 Capitulum
1221 1188 1558 1238 Sarisberienfis
1581 1189 1808 1238 Ecclesiae.
1879 1187 2250 1254 Congratulatur
2267 1184 2387 1242 illis·²

195 1256 325 1322 quod
346 1253 824 1323 cogitent-ecclesiam
844 1250 973 1301 suam
995 1257 1021 1302 e
1045 1263 1211 1304 monte
1232 1256 1279 1304 in
1293 1256 1536 1320 planitiem
1557 1258 1810 1305 deducere.
1877 1263 2060 1302 Laetatus
2078 1259 2176 1317 sum
2196 1258 2240 1300 in
2262 1254 2339 1300 heic.

329 1334 481 1382 CXII.
517 1335 595 1380 Ad
614 1333 966 1397 R.Episcopum
988 1335 1373 1384 Aurelianensem
1393 1351 1480 1400 pro
1510 1338 1808 1393 immunitate
1833 1335 2133 1390 ecclesiastica
2158 1368 2172 1392 ‚
2212 1349 2388 1399 nempe
2440 1393 2443 1395 ‚

191 1408 246 1450 ut
271 1400 298 1448 a
318 1402 453 1464 Rege
473 1400 674 1446 Franciae
698 1400 746 1446 in
770 1397 942 1446 bellum
966 1401 1443 1464 Hierosolymitanum
1462 1411 1630 1450 contra
1653 1404 1909 1450 Saracenos
1931 1402 1956 1448 a
1979 1401 2176 1448 Clericis
2198 1416 2297 1446 non
2309 1416 2387 1464 pe-

183 1469 431 1517 tunicarum
455 1467 532 1514 sed
559 1466 830 1514 orationum
852 1473 1038 1515 tantum
1063 1466 1336 1516 exactiones
1359 1466 1486 1516 fiant.
1554 1471 1763 1533 Scriptum
1781 1470 1838 1529 est
1861 1502 1875 1526 ,
1909 1483 2067 1530 tempus
2090 1468 2274 1515 tacendi.

310 1547 495 1595 CXIII.
529 1548 607 1595 Ad
630 1544 915 1595 Gaufridum
946 1549 1373 1616 Archiepiscopum
1401 1547 1745 1599 Eboracensem
1766 1585 1781 1608 ,
1828 1558 1883 1597 ut
1932 1539 2104 1596 resistat
2143 1547 2388 1602 haereticis-

189 1620 306 1663 Dum
338 1617 384 1661 in
399 1614 518 1661 rebus
542 1614 736 1663 humanis
757 1628 921 1676 ageret.

326 1695 507 1745 CXIV.
547 1696 623 1742 Ad
646 1696 880 1759 Joanriem
908 1698 1288 1746 Sarisberiensem
1321 1699 1526 1750 cletham
1547 1700 1830 1766 Episcopum
1856 1682 2200 1746 Carnotenlem
2221 1696 2390 1745 Gratu-

191 1763 374 1813 latoria.
444 1763 686 1809 Benedictus
708 1766 911 1809 Dominus
931 1794 944 1818 ‚
977 1767 1054 1826 qui
1076 1767 1213 1810 erexit
1234 1781 1325 1811 vot.
2262 1802 2265 1806 .

326 1842 487 1894 CXV.
523 1843 581 1889 ad
603 1843 664 1911 H·
681 1843 921 1891 Abbatem
942 1845 1000 1891 de
1028 1843 1308 1893 Meffender.
1331 1844 1636 1910 quaestionem
1670 1843 1958 1909 propositam
1993 1842 2277 1908 degradibus,
2295 1838 2392 1889 affi-

189 1911 377 1974 nitatis,
413 1912 604 1980 quando
628 1907 905 1978 conjugium
927 1912 1124 1968 vitient,
1161 1914 1371 1977 exponit.

327 1992 511 2042 CXVI.
546 1994 623 2041 Ad
642 1994 704 2041 H.
717 1993 955 2039 Abbatem
980 1991 1241 2055 S-Dionyfii
1264 2025 1279 2048 ,
1321 1992 1468 2038 mittit
1491 1988 1662 2038 librum
1686 1987 1712 2035 ὲ
1735 1990 1778 2036 Ie
1804 1989 2119 2054 compositum
2142 2022 2157 2046 ,
2191 1989 2241 2038 ὅ(
2262 1985 2392 2036 fimul
2443 2023 2466 2046 4

193 2077 304 2111 eum
326 2059 595 2108 consolatur
617 2060 664 2106 in
686 2057 938 2106 afflictione
958 2092 973 2116 2
1005 2074 1148 2123 quam
1166 2059 1371 2105 habebat
1395 2059 1581 2121 aRege.
1652 2060 1785 2102 Mitto
1809 2057 1916 2103 vobis
1935 2072 2036 2120 opus
2056 2072 2221 2103 novum.

327 2136 488 2185 CXX.
524 2136 604 2183 Ad
623 2135 942 2182 R.Decanum
964 2134 1290 2181 Turonensem
1313 2167 1327 2190 ,
1362 2141 1417 2183 ut
1446 2139 1676 2197 nepotem
1708 2133 1834 2181 suum
1864 2134 2119 2185 simoniace,
2145 2132 2292 2180 multa
2314 2134 2392 2180 be-

193 2203 363 2253 neficia
392 2210 652 2251 venantem
675 2234 690 2259 2
742 2201 1045 2266 maximoque
1071 2216 1159 2248 aere
1184 2201 1337 2249 alieno
1368 2198 1638 2248 obstriEtum
1665 2203 1885 2266 corrigat.
1967 2207 2174 2264 Nepotem
2214 2200 2393 2259 vestrum
2414 2265 2427 2267 u

194 2277 244 2319 P.
268 2273 461 2318 libenter.
2370 2271 2398 2275 “’

193 2411 195 2413 ¹
329 2351 552 2400 CXXIII.
585 2351 660 2397 Ad
690 2349 978 2398 Richardum
1001 2349 1376 2414 Londonensem⁴
1403 2350 1682 2415 Episcopum
1705 2348 1958 2396 declaratio
1982 2380 1996 2404 ‚
2043 2349 2173 2412 quod
2196 2348 2316 2397 nolit
2335 2351 2393 2398 ad

184 2417 507 2469 V‘Sac'erdotalis
530 2419 794 2464 eminentiae
815 2419 1009 2480 gradum
1036 2431 1094 2463 ex
1119 2418 1369 2464 diaconatu
1392 2417 1640 2480 progredi,
1679 2431 1777 2464 non
1798 2430 1857 2461 ex
1879 2423 2128 2462 contemtu
2153 2417 2229 2463 sed
2253 2430 2394 2463 exre·
2418 2416 2425 2438 ³

197 2487 439 2539 verentia,
477 2482 772 2546 ostenditque
797 2484 1037 2531 neminem
1063 2485 1334 2548 cogendum
1357 2481 1447 2530 effe
1468 2484 1525 2530 ad
1549 2482 1890 2530 Sacerdotium.
1976 2485 2092 2537 Scio,
2127 2484 2234 2546 quia
2254 2499 2309 2529 ex
2329 2486 2396 2529 in·

202 2556 315 2600 tima
333 2550 567 2598 dilefflone.
843 2585 851 2586 ff

179 2624 182 2629 ’
332 2628 563 2678 CXXIX.
602 2627 678 2673 Ad
702 2627 755 2675 R.
771 2628 1203 2678 Archi-Diaconum
1217 2626 1593 2676 Aurelianensem
1617 2625 1882 2686 invectim,
1900 2627 2029 2692 quod
2048 2625 2226 2691 pestem
2240 2628 2393 2677 Simo·
2419 2638 2425 2642 “

196 2699 385 2750 ’ῃίειοειτῐι
405 2698 454 2744 in
472 2692 714 2742 ecclesiam
737 2694 985 2743 induxerit.
1053 2703 1103 2743 In
1117 2710 1161 2741 te
1178 2726 1193 2753 ‚
1227 2697 1328 2741 dnm
1350 2696 1448 2755 effes
1463 2697 1682 2758 parvulus.

337 2785 550 2835 CXXX.
583 2785 661 2831 Ad
699 2784 932 2847 Joannem
967 2787 1312 2838 Carnotensem
1344 2786 1625 2853 Episcopum
1661 2784 1881 2850 apologia
1917 2789 2085 2830 contra
2122 2781 2390 2832 calumnias.

202 2854 363 2907 Audt'vt‘
377 2852 435 2900 ‘65
454 2851 657 2898 turbatus
678 2853 786 2910 sum.

340 2931 609 2987 CXXXIII.
644 2930 720 2977 Ad
754 2930 812 2977 R.
835 2930 1081 2978 Decanum
1104 2932 1151 2981 ὃ(
1173 2931 1449 2998 Capitulum
1466 2931 1695 2988 ,Sarisben
1719 2902 1929 2975 Ecclefiae
1948 2959 1963 2983 ,
2003 2928 2130 2991 quod
2153 2927 2215 2974 ob
2241 2919 2391 2974 tenui.-

205 3007 355 3050 tatem
375 2995 589 3046 beneficii
611 3011 711 3043 non
733 2994 862 3045 recte
889 3006 1087 3063 cogatur
1112 2999 1170 3045 ad
1190 3000 1488 3050 residentiam
1506 2996 1768 3048 taciendam
1789 2997 1839 3044 in
1848 2993 2166 3042 Sarisberienfi
2177 2991 2391 3041 Ecclefia.

206 3071 374 3137 metor,
403 3065 521 3131 quod
530 3062 761 3131 pubentia.
953 3121 956 3124 Δ
2199 3071 2392 3107 cxxxiv
