2471 3463
146 184 149 185 ν
219 169 278 217 62
517 133 521 137 Α
900 157 1172 214 Ητὲυηδεη
1190 159 1293 213 unb
1319 156 1668 215 macbridmn
2023 194 2026 197 ¹
2093 166 2326 228 3.1³eriod.

224 239 2251 258 “mm—Q

222 275 396 321 riorum
417 269 643 318 summam
668 267 728 315 de
752 268 877 316 bona
898 267 974 315 sua
992 268 1264 324 voluntate,
1297 267 1518 331 largaque
1543 267 1804 316 donatione
1828 270 2046 335 erogavit
2071 259 2122 320 8(
2142 268 2414 336 affignavit:

222 337 317 387 Pro
344 337 508 402 quibus
531 335 581 383 in
600 333 924 383 distributione
946 351 1121 400 panum
1145 342 1252 382 cum
1280 333 1627 399 praenominatis
1650 334 1811 384 Dnnis.
1835 336 2036 386 Vicariis
2056 337 2106 387 &
2128 352 2303 402 panum
2327 339 2419 387 sra-

223 407 370 453 tribus
398 402 751 470 participando,
784 403 940 467 quoad
964 403 1159 459 vixerit,
1193 401 1487 466 temporibus
1509 401 1742 466 deputatis
1761 401 1988 466 aequalern
2012 405 2212 469 recipiet
2234 396 2418 470 portio-

222 486 348 519 nem.
422 471 552 517 Item
572 477 860 517 memoratus
897 470 989 517 Dn.
1009 468 1286 533 Ludolphus
1315 474 1367 515 ut
1398 464 1700 516 fraternitatis
1721 466 1859 531 hujus
1889 477 2073 518 amator
2094 471 2144 520 ὅ(
2165 478 2419 536 promotor

222 535 416 651 mirifiiqa
440 536 683 600 largitate,
722 536 797 583 sua
819 535 987 599 sponte
1011 536 1165 583 adhuc
1189 536 1327 583 trium
1357 550 1620 583 marcarum
1643 533 1944 584 denariorum
1968 529 2244 588 contribuit.
2269 539 2332 587 A.
2400 566 2420 576 ·

257 640 269 652 .
326 620 356 652 o
419 603 617 651 Laetare.

227 619 249 668 3
291 619 321 670 p
428 672 474 730 1)
507 669 739 718 Praeterea
769 677 824 716 ut
851 683 924 715 res
946 668 1140 734 praesens
1163 700 1176 724 ‚
1212 665 1447 715 salubriter
1468 700 1483 725 ‚
1518 667 1586 714 uti
1611 667 1855 732 speratur,
1888 669 2113 718 inchoata
2134 703 2149 726 ,
2186 678 2419 736 perpetua

222 735 467 787 stabilitate
485 735 696 784 firmetur
719 734 1063 785 &inviolabilis
1085 734 1380 799 perseveret,
1416 736 1642 798 concepti
1663 735 1765 783 sunt
1785 738 1902 785 certi
1924 736 2105 785 articuli
2125 736 2420 786 &Ordinan-

223 807 298 854 tiae
321 805 438 853 infra
458 804 650 852 lucidius
672 801 896 866 designati
918 816 1002 866 per
1025 815 1409 865 unumquemque
1433 799 1572 863 hujus
1594 800 1899 850 fraternitatis
1933 803 2127 851 fratrem
2151 803 2201 853 ὅ(
2229 803 2418 851 consor-

223 881 324 920 tem
345 871 653 926 observandi,
691 885 777 935 per
799 876 1129 934 procuratores
1149 883 1236 932 pro
1259 875 1477 931 tempore
1498 869 1738 915 annuatim
1761 868 1869 915 bina
1889 870 1992 918 vice
2015 871 2187 935 putain
2201 870 2420 934 proxima

137 957 143 961 ’
223 939 434 1003 sequenti
459 937 759 985 hebdomade
779 935 881 1000 post
904 934 1089 982 Paschae
1113 935 1161 983 ὅ(
1176 934 1420 982 Michaelis
1443 932 1572 990 festa,
1595 941 1813 999 tempore
1836 952 2050 1000 congruo
2076 938 2254 984 eisdem
2271 937 2420 985 fratri-

222 1007 307 1053 bus
331 1003 666 1069 publicandi&
689 1002 1069 1067 pronunciandi,
1121 1003 1200 1064 qui
1228 1008 1342 1048 tunc
1370 1000 1579 1063 legitime
1614 1002 1864 1064 praeavisati
1887 1003 2135 1066 praesentes
2164 1002 2255 1051 esse
2288 1012 2418 1051 tene-

221 1074 422 1127 buntur,
460 1071 537 1118 sub
562 1085 695 1134 paena
718 1069 796 1116 sex
817 1069 1117 1116 denariorum
1136 1066 1560 1131 Hamburgensium
1584 1067 1634 1115 &
1657 1075 1841 1116 attenta
1864 1076 1977 1116 tunc
2001 1084 2112 1116 cum
2129 1071 2419 1121 exhortatio-

219 1154 282 1187 ne
302 1139 686 1186 admonebuntur
713 1134 911 1183 studiose
941 1135 1030 1182 hos
1063 1133 1184 1182 libro
1216 1134 1301 1181 suae
1331 1134 1573 1188 memoriae
1593 1134 1841 1182 inscribere
1862 1168 1877 1191 .,
1913 1137 2110 1182 eosdem
2135 1137 2277 1184 etiam
2298 1169 2314 1194 ‚
2344 1137 2422 1189 uti

222 1206 394 1253 merito
416 1203 527 1252 licet
549 1203 769 1269 operibus
780 1217 865 1266 per
878 1199 1102 1249 effestum
1116 1199 1316 1247 fideliter
1329 1199 1655 1265 exseqUendo,
1675 1202 1753 1248 sub
1774 1202 1928 1265 poenis
1954 1203 2076 1249 circa
2093 1217 2238 1249 unum
2261 1218 2423 1267 quem-

221 1285 313 1338 que
335 1269 641 1319 articulorum
665 1265 912 1333 expressis,
947 1283 1008 1315 ne
1031 1268 1381 1314 contributores
1402 1267 1480 1331 spe
1500 1270 1892 1315 remunerationis
1917 1270 2082 1316 divinae
2105 1271 2162 1316 ad
2182 1285 2283 1317 rem
2306 1284 2420 1334 prae·

219 1337 399 1388 missam
421 1337 667 1392 inclinati,
705 1335 779 1382 sua
798 1338 924 1381 bona
942 1366 957 1390 ‚
1000 1349 1088 1397 pro
1123 1331 1335 1395 ejusdem
1357 1334 1655 1381 incremento
1677 1366 1693 1391 ‚
1722 1336 1930 1398 benigne
1953 1336 2162 1384 locando
2184 1368 2198 1393 ,
2232 1337 2317 1401 piis
2338 1351 2418 1384 eo·

220 1421 326 1454 rum
353 1403 698 1453 intentionibus
720 1399 998 1447 frustrentur
1019 1399 1066 1447 ὅ(
1089 1399 1441 1448 defraudentur,

419 1472 475 1530 2)
507 1469 628 1516 Item
648 1467 900 1514 memorati
919 1466 1085 1512 fratres
1109 1480 1193 1529 per
1214 1463 1553 1513 Procuratores
1575 1466 1771 1513 eosdem
1802 1466 2103 1515 intimatione
2127 1483 2339 1532 congrua
2362 1470 2421 1517 ad

148 1599 150 1601 ‚
220 1540 417 1605 spatium
437 1536 573 1584 unius
592 1534 685 1581 dici
704 1532 780 1582 vel
805 1531 955 1597 quasi,
988 1520 1149 1580 saltem
1185 1533 1357 1594 praevia
1377 1531 1582 1596 requisiti
1606 1533 1875 1580 intentione
1899 1534 1948 1582 ἃ
1966 1535 2126 1582 animo
2147 1523 2420 1600 proponen-

151 1601 155 1604 ”
223 1608 270 1653 di
295 1604 445 1668 aliqua
461 1599 732 1664 hujusmodi
755 1600 948 1663 negotia
967 1614 1135 1646 eorum
1164 1598 1213 1646 ὅ(
1234 1596 1538 1645 aestimatione
1570 1597 1785 1662 proficua
1821 1599 1871 1648 ὅ(
1901 1602 2211 1649 commodosa
2244 1617 2420 1650 conve·

222 1674 322 1720 nire
345 1669 636 1718 tenebuntur
656 1699 671 1722 ,
707 1665 1117 1713 conversationem
1147 1672 1360 1710 mutuam
1383 1679 1437 1710 ac
1461 1663 1684 1712 tracitatus
1711 1655 1848 1730 supe?
1871 1673 1984 1714 tunc
2011 1668 2264 1731 praepositis
2289 1669 2419 1718 habi·

223 1739 349 1794 turi,
387 1736 762 1800 quotiescunque
795 1731 853 1777 fic
885 1731 1115 1778 admoniti
1149 1745 1281 1794 paena
1313 1730 1585 1777 immediate
1627 1731 1707 1778 sub
1749 1732 2002 1796 praemissa,
2035 1736 2113 1781 ubi
2136 1725 2252 1782 tunc
2277 1736 2420 1783 etiam

223 1806 367 1854 iidem
387 1803 601 1849 facerent
624 1799 722 1864 pari
753 1799 901 1846 modo
932 1795 1141 1845 defestus
1174 1796 1223 1846 ὃς
1245 1795 1484 1860 neglefi'ffls
1504 1829 1520 1854 ,
1557 1796 1587 1843 fi
1608 1813 1725 1862 quos
1758 1798 1998 1847 sentierint
2028 1802 2300 1858 committi,
2334 1817 2421 1866 per

223 1873 561 1920 Procuratores
581 1875 800 1914 enarrent
820 1897 834 1921 ,
866 1863 1121 1912 honestatis
1145 1871 1307 1910 tamen
1328 1864 1485 1927 rigore
1509 1896 1523 1921 ‚
1559 1866 1607 1912 in
1630 1866 1726 1912 hoc
1750 1865 1936 1915 servatis
1968 1867 2018 1916 ὅ(
2040 1868 2211 1917 mentis
2235 1871 2420 1917 ratione

226 1937 438 1986 etiam-in
462 1933 784 1999 proponendis
803 1932 986 1979 fundati
1009 1931 1057 1980 <Sc
1083 1929 1261 1985 fulciti,
1293 1928 1480 1992 rejeffis
1502 1929 1763 1994 passionum
1786 1933 1970 1997 impetu
1995 1934 2044 1983 ὅ(
2065 1935 2273 1982 motibus
2295 1935 2419 1982 inor-

225 2004 422 2058 dinatis,
460 2016 520 2049 ne
542 1997 828 2048 dissentionis
846 1998 895 2046 <Sc
917 1998 1101 2046 invidiae
1120 1998 1316 2044 materia
1338 1998 1557 2045 damnosa
1573 2031 1585 2056 ‚
1599 1998 1814 2047 fraternae
1833 2000 2071 2049 charitatis
2094 2003 2283 2066 ruptiva
2295 2002 2419 2050 inter

226 2071 419 2119 eosdem
450 2067 702 2116 suscitetur.
1866 2097 1878 2112 ι

273 2194 284 2197 „
430 2138 481 2197 3.)
515 2133 767 2181 Sciendum
791 2131 932 2195 igitur
953 2131 1000 2178 in
1023 2130 1181 2195 primis
1200 2163 1215 2186 ,
1270 2145 1378 2177 cum
1409 2131 1690 2180 beneficium
1720 2140 1918 2197 propter
1949 2132 2160 2181 officium
2187 2135 2417 2192 donetur,

225 2206 276 2255 &
295 2203 617 2266 unusquisque
641 2198 1021 2247 benefactoribus
1045 2198 1129 2244 suis
1153 2198 1211 2243 ad
1232 2196 1460 2245 beneficia
1483 2198 1531 2248 ὅ(
1554 2200 1769 2247 antidota
1791 2215 1891 2247 non
1913 2201 2152 2248 immerito
2165 2201 2416 2265 obligetur,

228 2287 343 2335 ergo
364 2267 634 2332 hujusmodi
656 2265 956 2313 fraternitatis
978 2265 1120 2312 frater
1144 2264 1192 2313 δε
1213 2264 1404 2311 consors
1429 2265 1616 2320 absens..
1639 2265 1689 2314 ὅ(
1711 2266 1790 2329 qui
1813 2267 2136 2313 decantationi
2155 2268 2419 2330 vigiliarum
2443 2290 2448 2299 =

215 2339 276 2388 ὅ(
296 2334 527 2383 missarum
556 2332 861 2381 celebrationi
884 2328 1021 2393 juxta
1058 2330 1266 2379 Ecclefiae
1302 2333 1344 2378 b.
1359 2331 1546 2379 Nicolai
1568 2331 1932 2395 Hamburgensis
1953 2331 2136 2379 solitam
2156 2332 2205 2381 <Sc
2225 2333 2417 2380 consue-

230 2403 506 2451 tudinariam
532 2399 878 2462 dispositionem
900 2399 959 2445 de
981 2397 1186 2444 unanimi
1196 2399 1495 2446 Vicariorum
1519 2397 1943 2447 &Vicerettorum
1958 2400 2005 2446 in
2027 2399 2195 2446 eadem
2218 2399 2419 2455 Ecclesia

231 2467 459 2519 consensu
481 2465 786 2529 superioribus
810 2465 970 2513 diebus
993 2464 1258 2512 conclusam
1278 2466 1325 2514 ὃς
1349 2469 1657 2529 approbatam
1673 2499 1687 2522 ‚
1708 2466 1970 2512 dummodo
1995 2467 2226 2513 memoria
2247 2469 2295 2514 in
2306 2481 2417 2530 prae.

231 2537 348 2586 senti
385 2533 586 2596 negotio
631 2530 919 2578 instituendae
960 2540 1278 2596 peraguntur,
1312 2532 1614 2597 personaliter
1641 2548 1751 2580 *non
1781 2532 2072 2588 interfuerit,
2101 2527 2178 2579 sex
2198 2533 2415 2581 denarios

230 2597 609 2663 Hamburgenses
632 2631 647 2654 ,
683 2597 825 2644 toties
856 2600 1039 2660 quoties
1068 2597 1278 2664 respe&u
1304 2598 1419 2656 tali,
1451 2598 1844 2647 Procuratoribus
1869 2614 1955 2662 pro
1987 2606 2205 2662 tempore
2238 2600 2296 2645 ad
2320 2599 2417 2649 hoc

231 2668 471 2734 requisitus
495 2664 613 2712 infra
636 2665 842 2712 triduum
871 2664 1102 2726 persolvat
1124 2699 1138 2721 ,
1191 2666 1320 2730 quod
1348 2666 1492 2714 iidem
1518 2666 1853 2713 Procuratores
1875 2664 2085 2726 diligenti
2107 2663 2416 2712 sollicitudine

232 2735 432 2786 fideliter
462 2729 745 2795 recipientes
776 2728 859 2776 suis
891 2732 1129 2779 memoriis
1153 2730 1285 2793 juxta
1308 2730 1517 2794 officium
1546 2734 1610 2781 eis
1632 2734 1863 2781 creditum
1895 2730 1944 2778 ὃς
1965 2729 2261 2778 commissum
2284 2739 2423 2779 tene-‘

232 2805 406 2852 buntur
428 2799 765 2857 commendare
790 2828 804 2852 ,
837 2797 1067 2842 rationem
1091 2798 1232 2846 etiam
1256 2796 1428 2862 justam
1446 2801 1494 2847 in
1519 2798 1611 2847 fine
1643 2814 1809 2845 eorum
1831 2798 2242 2861 procurationibus
2274 2800 2333 2846 de
2358 2797 2416 2858 fic

234 2869 495 2918 absentibus
519 2865 754 2930 perceptis
774 2860 966 2918 facitur-i,
1004 2862 1116 2910 ficut
1139 2865 1294 2914 decet.
1379 2868 1438 2913 Et
1472 2880 1738 2931 quanquam
1765 2863 2038 2911 Venerabili
2070 2864 2317 2917 viroDno.
2338 2865 2418 2927 Jo-
2442 2914 2458 2922 ,ἡ

235 2936 383 2986 hanni
402 2934 665 2997 Schreyger
684 2927 1116 2978 Sanfi‘cimonialium
1140 2931 1187 2976 in
1207 2932 1564 2981 Hervestehude
1583 2930 1834 2996 Praepolito
1859 2930 1952 2978 five
1975 2931 2234 2988 Provisori,
2253 2929 2415 2978 nostro
2451 2931 2467 2945 ”

236 3001 553 3060 Convicario,
586 2999 667 3065 qui
689 2996 886 3048 residere
906 2997 1121 3056 videtur,
1155 3011 1210 3046 ac
1222 2997 2004 3061 hujusmodietiammernorataerei
2028 3005 2292 3063 conceptos
2305 2995 2418 3108 fidle-

398 3098 403 3101 -
2379 3076 2415 3110 is
