2471 3463
8 175 15 251 ,ἒ
79 195 708 269 ,2:Cap.stebenbeQ3evrage.
770 204 778 213 ’·
873 189 912 195 ”
1022 188 1128 250 uon
1142 194 1567 276 sapen-izzirdn.
2142 176 2232 263 175

38 383 210 433 doleo:
247 390 420 445 corpus
441 387 576 427 tuum
600 377 859 426 laceratum
879 377 1180 440 undiquaque
1200 381 1499 424 cruentatum
1520 390 1608 440 pro
1630 391 1791 424 amore
1812 378 2030 443 langueo,

203 459 362 519 Versus.
396 459 529 507 Mors
551 457 616 506 est
633 473 745 506 nam
768 459 953 523 requies
973 457 1136 506 vivere
1159 471 1304 521 poena
1328 457 1443 505 mihi
1476 471 1665 521 corpuS.
1749 455 1913 508 Gloria
1943 459 2068 508 Patri
2096 457 2226 507 Filio.

35 529 92 577 Et
112 527 302 594 Spiritui
327 525 501 574 saneto
525 525 733 591 Corpus.
1313 523 1315 526 ⁴
1515 530 1519 534 ·

888 597 940 638 In
958 589 1137 650 fecundo
1156 592 1369 636 noHurno.

209 676 390 724 Inimici
409 676 615 722 animam
633 687 790 720 meam
812 673 1164 720 circumdedere
1184 670 1334 720 locuti
1354 674 1458 720 su‘nt
1480 670 1742 736 superbiam
1764 671 1863 720 noli
1886 687 1990 720 cara
2014 671 2190 721 dolere.

268 743 335 791 Ps.
371 742 547 790 Exaudi
571 739 793 787 Domine.
1798 791 1801 794 Ι

196 810 454 872 antiphona.
526 807 598 854 Os
618 806 749 853 suum
770 803 1027 855 dilatavere
1052 804 1310 854 clamantes
1331 820 1455 871 euge
1469 839 1484 865 ,
1518 820 1667 872 euge:
1700 803 1891 871 flagellis
1911 820 1989 853 me
2010 804 2224 852 cecidere

29 877 102 925 dic
123 875 289 926 dolens
308 878 386 925 ubi
410 883 589 937 treuge.

263 944 331 992 Ps.
367 943 530 1007 Judica
559 940 780 1001 Domine.

8 1057 10 1066 ,
198 1010 453 1072 Antiphema⁶
523 1008 574 1053 In
599 1021 676 1053 me
697 1005 848 1053 forres
870 1006 1202 1056 irrueruntviri
1224 1006 1351 1072 pleni
1374 1006 1596 1073 sanguine
1615 1008 1763 1056 vitam
1784 1023 1939 1055 meam
1960 1008 2220 1056 adimerant

0 1094 2 1098 ’
27 1076 181 1142 ploras
213 1086 363 1125 mater
382 1074 539 1121 nimie.

260 1143 326 1191 Ps.
361 1143 497 1206 Eripe
518 1155 595 1187 me
613 1141 672 1186 de
705 1139 919 1188 inimicis·

193 1211 355 1270 Versm.
420 1208 592 1256 Poenas
613 1207 711 1259 nati
733 1207 924 1255 intuens
950 1214 1104 1255 mater
1123 1208 1324 1257 multum
1347 1209 1492 1257 doleo
1515 1243 1530 1272 ²,
1589 1209 1831 1274 mestaque
1862 1210 1941 1257 sub
1965 1223 2104 1257 cruce
2128 1206 2223 1265 st‘0,

26 1291 109 1341 pre
129 1277 295 1325 dolore
327 1290 489 1341 pereo.

193 1345 312 1408 Jube
335 1343 540 1391 Domine
562 1341 860 1389 benedicere.
928 1341 1053 1389 Oret
1075 1351 1238 1389 mente
1259 1344 1336 1408 pia
1365 1342 1640 1390 crucifixum
1663 1346 1802 1408 virgo
1825 1344 1973 1390 Maria
1998 1375 2014 1400 ‚
2049 1344 2223 1390 Amen.

175 1469 178 1472 Α
938 1419 1075 1465 Lemo
1100 1422 1304 1484 Qartm

196 1488 343 1552 Igitur
362 1501 471 1534 cum
493 1483 705 1533 Christus
736 1484 863 1532 Deus
889 1500 1101 1551 precone
1123 1487 1360 1536 clamante
1385 1522 1399 1544 ‚
1438 1487 1589 1535 Pilato
1621 1488 1884 1553 imperante
1909 1488 1987 1535 sibi
2011 1486 2223 1552 bajulans

27 1567 216 1605 crucem
237 1557 294 1602 ad
315 1551 588 1617 supplicium
608 1552 875 1599 traheretur
905 1551 1056 1601 fafiius
1087 1552 1152 1599 est
1183 1556 1437 1602 concursus
1470 1555 1760 1620 populorum
1793 1554 1898 1620 post
1931 1556 2078 1619 ipsum
2111 1571 2224 1603 eun-

25 1623 168 1678 tium,
202 1620 276 1669 alii
298 1620 447 1684 ipsum
464 1620 739 1666 deridebant
760 1618 1006 1667 illudentes
1027 1620 1094 1677 eil,
1132 1620 1204 1667 alii
1226 1620 1539 1684 projiciebant
1558 1621 1708 1668 lutum
1739 1622 2128 1670 &immunditias
2155 1622 2222 1669 su-

0 1693 7 1800 ,Ι
23 1702 109 1751 per
129 1694 273 1751 caput
293 1686 422 1734 suum
446 1719 462 1743 ‚
499 1684 725 1749 sequebar
755 1700 847 1749 ego
878 1691 987 1732 eum
1026 1685 1310 1734 moestiffima
1342 1695 1496 1734 mater
1524 1703 1635 1734 cum
1658 1687 1930 1749 mulieribus
1953 1704 2043 1753 que
2066 1689 2221 1737 secute

26 1768 134 1800 eum
156 1754 343 1800 fuerant
363 1751 584 1802 aGalilea
606 1750 915 1800 ministrantes
939 1752 982 1798 ei
1003 1783 1033 1808 ,·
1054 1750 1080 1798 a
1112 1754 1277 1815 quibus
1308 1753 1440 1801 velut
1469 1762 1686 1802 emortua
1712 1756 1907 1802 tenebar
1933 1754 1981 1804 ὅ(
2003 1754 2222 1805 sustenta-

1 1822 105 1871 ⁴bar
122 1834 368 1884 quousque
391 1825 680 1886 perventum
706 1816 771 1865 est
798 1817 1037 1866 adlocum
1059 1820 1139 1865 ubi
1162 1819 1497 1867 crucifixerunt
1522 1837 1629 1868 eum
1654 1855 1668 1878 ‚
1712 1822 1761 1872 ὅ(
1791 1837 1884 1886 ego
1913 1822 2080 1870 videns
2112 1838 2222 1872 eum

0 1887 73 1950 1&
91 1886 184 1951 ipse
207 1887 372 1935 videns
397 1902 477 1935 me
501 1884 692 1933 dolebat
715 1884 816 1950 plus
841 1886 899 1932 de
921 1900 1000 1933 me
1023 1901 1164 1950 quam
1184 1887 1242 1933 de
1262 1886 1325 1934 se.
1396 1887 1494 1952 lpse
1517 1903 1633 1935 vero
1656 1921 1671 1946 ,
1716 1897 1940 1952 tanquam
1973 1905 2121 1954 agnus
2140 1906 2221 1938 co·
2261 1927 2264 1928 γ

1 1964 122 2001 ’ram
147 1954 379 2001 tondente
401 1953 475 2011 se,
509 1968 608 2001 non
629 1953 772 2000 dabat
795 1967 968 2000 vocem
992 1968 1082 2000 nec
1109 1955 1351 2018 aperiebat
1373 1969 1427 2001 os
1453 1955 1610 2013 suum,
1639 1956 1919 2021 aspiciebam
1943 1971 2039 2021 ego
2060 1957 2222 2006 infelix

2 2070 3 2075 ,
23 2022 70 2070 ὅ(
93 2021 255 2067 misera
276 2021 535 2069 Dominum
559 2020 608 2069 <Sc
631 2019 775 2067 filium
796 2034 957 2067 meum
981 2022 1029 2068 in
1049 2035 1192 2068 cruce
1211 2024 1503 2086 pendentem
1528 2039 1584 2070 ac
1613 2032 1770 2071 morte
1793 2021 2050 2088 turpiffime
2079 2026 2219 2072 mori-

2 2085 182 2135 entem
201 2087 250 2136 &
275 2095 408 2135 tanto
431 2086 597 2135 dolore
617 2087 667 2137 &
697 2085 875 2135 tristitia
900 2090 1103 2136 vexabar
1131 2089 1178 2134 in
1202 2097 1366 2136 mente
1383 2122 1400 2145 ,
1442 2098 1671 2153 quantum
1707 2107 1807 2138 non
1832 2089 1974 2154 poffit
1996 2085 2218 2155 explicari

22 2155 252 2202 sermone.
321 2152 398 2201 Tu
431 2161 591 2201 autem
614 2155 824 2201 Domine
858 2154 950 2202 ἃς.

192 2221 509 2280 Responsort'um.
583 2219 742 2284 Prope
763 2235 954 2267 crucem
975 2218 1128 2268 mater
1147 2220 1321 2278 stabat,
1356 2220 1539 2271 liberari
1560 2219 1864 2286 exspefitabat
1885 2222 2071 2270 exulem
2095 2224 2122 2270 ἒι
2136 2224 2217 2271 Pa-

22 2288 148 2365 tria..
209 2288 317 2370 Qe
340 2286 406 2335 est
435 2286 553 2335 scala
574 2294 886 2352 peccatorum
908 2319 923 2343 ‚
974 2302 1114 2351 quarn
1150 2288 1357 2335 ascendit
1386 2289 1495 2335 Rex
1530 2289 1761 2337 coelorum
1785 2320 1803 2369 ᾗ
1853 2290 1913 2336 ad
1942 2289 1988 2336 se
2025 2291 2216 2342 trahens

22 2369 350 2478 ommaVersus.
423 2420 490 2466 Ibi
517 2419 664 2466 stabat
697 2418 864 2467 dolens
897 2419 1008 2467 sevo
1034 2420 1254 2470 confecta
1280 2387 1446 2469 dolore
1471 2418 1580 2485 Qe
1605 2419 1704 2469 ἃς..

189 2488 297 2546 Jube
317 2492 421 2533 Dne.
443 2487 694 2540 benedicere.
785 2490 830 2534 A
852 2495 1007 2533 morte
1039 2503 1129 2534 nos
1153 2488 1265 2536 tristi
1294 2507 1307 2534 ε
1358 2487 1502 2537 salvet
1545 2494 1698 2534 mater
1747 2489 1887 2553 JESU
1922 2490 2211 2550 CHRISTI,

0 2557 192 2699 'Amen’
931 2594 1068 2665 Lemo
1100 2623 1295 2689 Qintae.

0 2701 3 2712 '
91 2752 93 2754 ,
217 2698 452 2751 Nimirum
491 2701 779 2750 discurrebat
806 2702 932 2749 enim
970 2700 1150 2766 sanguis
1187 2719 1248 2751 ex
1277 2710 1490 2769 quatuor.
1510 2704 1721 2769 partibus
1752 2706 2012 2770 rigantibus
2045 2708 2209 2766 undis,

6 2766 148 2831 ‘ligno
171 2770 382 2817 manibus
404 2768 661 2833 &pedibus
687 2768 830 2817 clavIs
850 2765 1012 2815 affixis.
1083 2771 1154 2817 De
1175 2770 1308 2819 vultu
1331 2771 1467 2836 ipfius
1487 2771 1759 2836 pulcritudo
1778 2776 2020 2822 effluxerat
2040 2777 2210 2832 omnis,
2290 2828 2298 2830 ‚

20 2833 68 2882 ὅ(
96 2835 174 2898 qui
203 2842 302 2882 erat
328 2851 413 2899 pre
445 2836 544 2883 filiis
567 2836 817 2883 hominurn
841 2835 1068 2898 speciosus
1088 2837 1334 2885 videbatur
1360 2839 1577 2886 omnibus
1610 2839 1878 2887 indecorus.
1945 2841 2211 2889 ‘Videbam

23 2902 150 2961 quod
173 2900 572 2966 complebaturin
593 2902 673 2949 illo
704 2901 816 2950 illud
840 2902 1193 2966 Propheticum.
1260 2906 1478 2954 Vidimus
1504 2921 1612 2953 eum
1635 2905 1684 2954 ὅ(
1706 2922 1806 2955 non
1825 2914 1925 2955 erat
1947 2906 2012 2955 illi
2034 2908 2209 2972 species

13 2978 175 3029 ‘neque
197 2969 341 3015 decor
365 2985 388 3015 :-
414 2970 520 3033 quia
540 2968 723 3017 vultum
753 2966 852 3031 ejus
882 2969 1017 3015 fedus
1050 2969 1290 3019 fedaverat
1306 2973 1442 3020 livor.
1544 2970 1780 3020 Dolebam
1811 2973 1977 3022 dolore
1997 2975 2206 3021 maximo

0 3032 127 3096 squia
150 3033 375 3083 videbam
406 3051 485 3085 me
506 3035 652 3085 deseri
676 3037 736 3085 ab
766 3036 863 3100 ipso
886 3051 1027 3100 quem
1049 3040 1191 3102 genui
1215 3073 1231 3099 ,
1273 3055 1365 3089 nec
1397 3034 1637 3105 supererat
1670 3039 1782 3088 alius
1815 3042 1922 3113 quia
1954 3041 2205 3117 mihi-erat

1263 3121 1266 3122 ’
2016 3121 2202 3153 unicus:
