2471 3463
127 152 718 223 2.Cap.fiebenbeffievlage.
1017 156 1124 206 von
1143 149 1344 201 sepem
1367 150 1575 236 Birtha
1922 219 1924 221 p
2113 149 2115 151 ’
2133 156 2258 248 ,1-ξῖ

57 261 256 331 gesimam
271 274 591 315 vocaverunt.
630 265 735 314 Alia
755 264 821 313 est
842 269 1041 330 propter
1063 262 1448 327 significationem
1463 296 1477 320 ‚
1520 278 1661 328 quare
1686 280 1770 329 per
1792 266 1888 314 hoc
1915 274 2102 331 ternpus
2127 267 2260 333 figni-

64 335 232 384 fiscatur
250 335 441 381 deviatio
464 333 656 383 exilium
681 332 730 385 &
753 331 991 380 tribulatio
1017 332 1162 379 totius
1187 332 1371 395 generis
1396 331 1591 378 humani
1615 331 1672 377 ab
1695 335 1846 380 Adam
1866 349 2016 399 usque
2035 335 2093 381 ad
2116 334 2263 385 finem

64 391 241 450 mundi.
342 401 490 468 Qod
518 402 713 467 'quidem
744 399 932 448 exilium
955 400 1034 447 sub
1057 397 1361 447 revolutione
1382 398 1488 445 VII.
1511 397 1690 455 dierum
1712 408 1961 462 peragatur
1983 402 2030 451 ὅ(
2050 401 2132 450 sub
2155 403 2261 454 VII.

59 468 262 517 millibus
284 484 518 517 annorum
539 469 789 519 includitur
813 501 828 525 ‚
871 481 956 532 per
979 466 1271 531 septuaginta
1304 465 1430 512 enim
1465 465 1562 511 dies
1587 464 1742 512 LXX.
1776 475 2000 516 centenas
2024 485 2263 520 annorum

60 529 405 605 intelligimus*
479 538 555 584 Ab
589 537 721 584 initio
754 544 913 582 autem
939 533 1102 580 mundi
1126 539 1275 596 usque
1308 534 1366 579 ad
1388 530 1705 579 ascensionem
1728 533 1829 580 VH.
1851 535 1992 582 millia
2026 553 2262 588 annorum
2336 598 2340 600 μ

61 611 414 667 computamus,
485 604 554 652 Ex
572 612 684 652 tunc
708 617 823 651 vero
849 600 1069 665 quicquid
1095 599 1324 663 temporis
1345 599 1554 663 sequitur
1574 612 1721 661 usque
1745 600 1802 646 ad
1828 599 1970 649 finem
1993 607 2156 655 mundi
2184 607 2267 655 sub

58 669 165 718 Vll.
197 668 458 719 millenario
495 670 946 736 comprehendimus
987 663 1118 729 cujus
1151 667 1405 714 terminum
1444 664 1563 712 [olus
1584 666 1712 712 Deus
1734 667 1887 716 novit.
1989 672 2092 719 Nos
2123 675 2265 738 igitur

59 735 272 787 Christus
292 738 340 786 in
352 739 442 786 hac
465 737 592 787 sexta
604 737 769 787 mundi
788 742 924 783 aetate
947 733 1115 782 abhoc
1137 735 1265 779 exilio
1285 734 1334 781 in
1345 732 1423 797 spe
1447 740 1631 782 aeternae
1652 734 1990 793 ret1·ibutioniS‚
2005 739 2186 787 reddita
2196 742 2267 790 in-

57 806 294 854 nocentiae
316 804 430 854 stola
452 821 539 869 per
557 804 833 871 baptismum
856 802 993 866 eripit
1016 834 1030 858 ‚
1077 800 1156 849 sed
1185 800 1467 848 consumato
1495 808 1715 866 tempore
1748 801 1890 850 nostri
1917 806 2040 850 exilii
2061 815 2266 873 utraque

59 871 174 920 stola
208 889 295 923 nos
326 871 534 938 perfeeto
562 872 823 921 decorabit.
925 869 1051 918 Hinc
1085 867 1150 916 est
1179 868 1308 933 quod
1341 868 1390 915 in
1419 867 1515 915 hoc
1549 875 1771 934 tempore
1803 871 2053 918 deviationis
2075 874 2122 923 ὅ(
2146 877 2268 921 exilii

60 942 246 988 cantica
270 941 436 988 laetitiae
461 940 760 1004 deponimus·
830 938 923 985 Sed
947 937 1139 986 tandem
1164 937 1211 983 in
1229 936 1442 984 ‘Sabbato
1462 935 1648 983 Paschae
1675 951 1845 994 unum,
1869 938 2070 1005 Alleluja
2097 943 2268 991 decan-

60 1014 216 1055 tamus
238 1009 478 1071 tamquam
500 1008 548 1055 in
572 1008 650 1073 spe
663 1013 850 1055 aeternae
872 1004 1034 1070 patriae
1063 1002 1352 1068 gratulantes
1375 1036 1389 1059 ‚
1440 1002 1490 1051 ὅ(
1531 1001 1698 1051 stolam
1727 1004 2013 1056 innocentiae
2046 1010 2095 1057 in
2120 1010 2266 1067 Vlta,

59 1074 227 1122 mundi
246 1081 384 1122 aetate
404 1088 489 1139 per
510 1073 750 1123 Christum
772 1080 1108 1138 recuperantes
1122 1104 1136 1129 ‚
1161 1072 1236 1119 cui
1261 1073 1404 1119 etiam
1420 1072 1588 1116 Trailus
1611 1069 1848 1136 subjicitur
1869 1090 1954 1138 per
1976 1092 2116 1140 quern
2139 1077 2272 1143 figni-

57 1139 226 1188 ficatur
243 1140 377 1189 labor
397 1173 412 1198 2
450 1157 592 1207 quem
626 1142 781 1190 adhuc
811 1142 861 1189 in
894 1138 1177 1205 impletione
1213 1139 1546 1186 mandatorum
1580 1139 1671 1186 Dei
1702 1140 1880 1189 habere
1902 1144 2143 1194 debemus.
2215 1148 2270 1195 In
2332 1201 2334 1203 ,

59 1209 267 1261 Sabbato
291 1216 449 1258 autem
488 1209 594 1276 post
619 1210 793 1259 Pascha
822 1211 869 1257 in
896 1223 991 1274 quo
1011 1214 1066 1255 ut
1090 1205 1268 1256 dietum
1294 1205 1360 1254 est
1382 1208 1663 1255 terminatur
1679 1207 1913 1258 LXXma.
1942 1213 2036 1259 duo
2057 1211 2271 1272 Allelujah

60 1282 335 1337 cantamur²
371 1279 477 1342 quia
499 1277 745 1343 completo
772 1275 909 1338 hujus
931 1275 1095 1323 mundi
1121 1275 1326 1323 termino
1350 1273 1586 1338 duplicem
1623 1274 1787 1339 stolam
1821 1277 1980 1340 gloriae
2012 1283 2272 1346 conseque-

60 1357 181 1390 mur.
252 1347 352 1390 Alia
371 1347 490 1391 ratio
516 1344 582 1392 est
600 1352 797 1408 propter
819 1343 1285 1407 repraesentationem
1310 1341 1418 1404 quia
1436 1341 1672 1392 LXXma.
1697 1344 1996 1406 repraesentat
2017 1347 2173 1401 LXX.
2189 1366 2270 1398 an-

60 1424 152 1456 nos
176 1410 339 1475 quibus
362 1409 442 1460 filii
463 1410 593 1459 Israel
618 1411 696 1459 sub
723 1410 999 1475 captivitate
1021 1407 1293 1459 Babilonica
1312 1407 1503 1454 fuerunt
1532 1441 1548 1465 a
1585 1409 1634 1457 ὅ(
1661 1412 2068 1473 quemadmodum
2104 1415 2169 1464 illi
2192 1418 2271 1463 de·
2296 1467 2299 1471 ,

63 1475 324 1538 posuerunt
349 1479 573 1542 organica
599 1478 674 1525 sua
695 1478 933 1524 dicentes:
967 1476 1196 1542 Qomodo
1220 1475 1485 1521 cantabimus
1506 1479 1721 1522 canticum
1743 1481 1917 1525 Domini
1935 1483 1980 1526 in
1999 1495 2121 1529 terra
2141 1486 2269 1544 alius.

61 1543 138 1589 Sic
157 1543 206 1592 <Sc
228 1559 317 1592 nos
341 1546 526 1592 cantica
545 1543 690 1592 laudis
714 1545 1012 1609 deponimus.
1094 1543 1355 1607 Propterea
1378 1557 1497 1591 vero
1532 1545 1641 1591 data
1663 1544 1747 1592 illis
1769 1546 1960 1595 licentia
1989 1552 2219 1600 redeundi
2241 1553 2270 1599 Ξ

61 1608 194 1673 Cyro
220 1610 362 1659 LXo.
397 1627 525 1659 anno
560 1620 791 1677 ceperunt
820 1611 963 1660 laetari
985 1611 1035 1661 ὅ(
1067 1626 1156 1658 nos
1181 1624 1374 1674 quoque
1400 1611 1453 1656 in
1478 1610 1720 1658 Sabbatho
1743 1612 1930 1661 Paschae
1960 1623 2186 1681 tanquam
2217 1620 2268 1666 in

57 1675 203 1737 LXO.
232 1694 358 1724 anno
384 1677 599 1742 allelujah
623 1687 867 1726 cantamus
892 1693 1057 1725 eorum
1080 1676 1461 1741 repraesentando
1486 1676 1710 1726 laetitiam.
1782 1681 1875 1727 Sed
1898 1688 2012 1731 tunc
2035 1684 2097 1733 illi
2120 1686 2167 1732 in
2189 1685 2270 1750 ap-

66 1751 241 1810 paratu
265 1745 443 1792 reditus
466 1779 481 1802 ‚
519 1746 568 1795 <St
587 1746 634 1792 in
659 1745 931 1809 colligendo
958 1744 1202 1792 sarcinulas
1229 1742 1428 1790 multum
1450 1742 1819 1805 laboraverunt,
1857 1747 1905 1814 ὃς
1928 1766 2014 1798 nos
2037 1751 2142 1816 post
2162 1752 2273 1801 Alle-

58 1811 153 1871 Iuja
178 1813 365 1886 trgflum
387 1811 540 1860 statim
569 1810 889 1876 subjungimus
924 1812 1004 1876 qui
1037 1810 1253 1859 laborem
1299 1808 1539 1874 fignificat.
1613 1813 1820 1862 Sabbato
1857 1824 2017 1866 autem
2058 1821 2188 1886 quod
2220 1822 2271 1870 in

57 1878 289 1927 LXXma.
318 1880 597 1933 terminatur
620 1880 715 1928 duo
741 1878 925 1943 alleluja
944 1886 1191 1927 cantamus
1213 1911 1228 1936 ,
1264 1893 1431 1925 eorum
1455 1877 1644 1943 plenam
1678 1880 1886 1930 laetitiam
1919 1901 2003 1949 per
2025 1902 2166 1951 quam
2187 1903 2269 1941 ve-

58 1952 233 1993 nerunt
258 1949 305 1994 in
329 1948 527 2011 patriam
552 1946 823 2011 figurantes.
890 1948 1001 1995 Hoc
1025 1948 1169 1994 etiam
1193 1953 1382 2010 tempus
1404 1948 1666 2009 captivitatis
1683 1949 1731 1999 ὅ(
1751 1953 1878 1997 exilii
1896 1951 2098 2002 filiorum
2121 1954 2271 2014 Istael,

57 2013 359 2077 repraesentat
373 2021 561 2078 tempus
583 2014 747 2062 nostrae
763 2016 1143 2077 peregrinationis,
1183 2014 1290 2078 quia
1315 2013 1429 2062 sicut
1451 2014 1533 2079 ipsi
1549 2016 1655 2065 LX.
1678 2033 1804 2065 anno
1830 2019 1933 2068 sunt
1953 2019 2137 2070 liberati
2157 2057 2172 2080 ‚
2207 2023 2268 2072 fic

57 2080 109 2128 <Sc
135 2095 221 2127 nos
241 2082 287 2137 in
311 2081 433 2128 Vita
453 2083 617 2128 mundi
640 2089 778 2128 aetate
801 2115 814 2139 ,
857 2083 906 2131 ὃς
943 2082 1055 2129 ficut
1089 2081 1246 2128 adhuc
1277 2082 1327 2129 in
1349 2076 1633 2146 colligendo‘
1653 2084 1898 2134 sarcinulas
1922 2088 2003 2151 ipsi
2024 2089 2269 2138 laborave-

55 2153 190 2204 runt,
225 2147 282 2194 fic
303 2147 351 2196 ὃς
373 2163 460 2195 nos
483 2155 597 2194 tunc
621 2148 808 2198 liberari
825 2150 873 2196 in
894 2148 1218 2213 completione
1240 2149 1573 2197 mandatorum
1585 2152 1675 2198 Dei
1693 2151 1975 2202 laboramuS.
2046 2156 2138 2204 Sed
2160 2172 2271 2206 cum

57 2214 118 2260 ad
139 2213 338 2277 patriam
359 2221 644 2277 perventum
671 2214 812 2262 fuerit
833 2215 968 2262 labor
992 2216 1147 2263 omnis
1172 2213 1363 2263 ceffabit
1386 2215 1436 2265 &
1459 2216 1610 2280 gloria
1631 2219 1844 2282 perfetta
1864 2223 1983 2279 erit,
2019 2221 2068 2272 <Sc
2088 2224 2268 2289 duplex

56 2279 231 2338 alleluja
250 2282 302 2336 inv
323 2286 528 2345 corpore
551 2281 600 2329 <Sc
621 2283 775 2329 anima
797 2283 1104 2342 cantabimus.
1171 2282 1225 2330 In
1245 2282 1343 2329 hoc
1368 2282 1509 2346 igitur
1533 2297 1717 2347 tempore
1739 2288 1863 2332 exilii
1885 2288 2082 2337 ecclesia
2106 2291 2266 2342 multis

55 2347 431 2396 tribulationibus
446 2349 589 2396 etiam
603 2347 750 2413 pressa
764 2348 922 2397 &fere
934 2350 981 2397 in
994 2350 1182 2397 baratro
1198 2349 1532 2413 desperationis
1559 2350 1733 2415 potita,
1779 2355 1836 2402 ab
1857 2354 1954 2404 alto
1978 2357 2170 2407 trahens
2198 2360 2263 2408 su-

57 2415 216 2477 spiria,
251 2413 424 2461 clamat
447 2416 496 2462 in
516 2413 677 2462 officio
700 2416 749 2465 ὅ(
772 2416 902 2464 dicit.
972 2415 1348 2462 Circumdederunt
1370 2432 1438 2460 me
1455 2421 1641 2478 gemitus
1659 2426 1821 2468 morth.
1865 2423 1924 2470 Et
1945 2426 2160 2474 condidit
2181 2428 2265 2476 Ec-

59 2479 193 2527 clefia
215 2480 525 2545 multiplicem
561 2482 624 2529 sui
656 2482 1009 2531 tribulationem
1036 2499 1176 2547 quam
1202 2484 1348 2529 habet
1385 2482 1434 2532 ὅς
1454 2500 1543 2549 pro
1565 2487 1745 2536 miseria
1771 2489 2015 2539 contradta
2038 2516 2054 2550 ,-
2104 2493 2153 2543 ὃς
2173 2510 2263 2560 pro

57 2545 234 2611 duplici
255 2563 401 2611 poena
424 2546 624 2605 inflicta,
658 2549 707 2597 ὅς
732 2564 818 2613 pro
843 2549 981 2613 culpa
1002 2565 1103 2614 quae
1125 2550 1184 2595 ad
1206 2549 1386 2613 aliquos
1411 2551 1639 2616 comissa„
1737 2556 1830 2604 Sed
1864 2559 2058 2607 tandem
2087 2575 2149 2609 ne
2184 2564 2264 2610 de-

55 2615 210 2679 speret
231 2614 274 2662 ei
296 2615 531 2679 praeponit
562 2615 870 2680 Evangelium
901 2617 949 2664 &
981 2613 1176 2681 epistola
1211 2615 1383 2681 triplex
1413 2617 1592 2668 salubre
1641 2626 1906 2673 remedium
1926 2659 1942 2682 ‚
2006 2627 2056 2677 ὃς
2088 2629 2261 2694 triplex

56 2681 315 2746 praernium.
386 2683 669 2730 Remedium
691 2681 757 2730 est
778 2689 831 2730 ut
851 2681 882 2729 fi
904 2682 1006 2733 vult
1027 2683 1086 2733 ab
1109 2681 1187 2730 illo
1209 2682 1420 2749 perfetss’ce
1439 2686 1623 2736 liberari
1644 2691 1692 2738 in
1716 2692 1858 2741 vinea
1891 2693 2057 2743 anirnae
2084 2695 2172 2745 suae
2200 2697 2265 2746 la-

55 2749 197 2796 boret
222 2747 505 2797 abscidendo
532 2750 643 2798 vitia
663 2750 713 2800 <Sc
734 2757 932 2815 peccata
953 2784 968 2809 ‚
1011 2748 1172 2815 postea
1197 2751 1248 2799 in
1275 2748 1421 2802 stadio
1444 2755 1680 2820 praesentis
1713 2760 1822 2808 vitae
1843 2769 2002 2810 currat
2023 2777 2111 2827 per
2131 2766 2264 2829 peni-

55 2812 218 2862 tentiae
252 2830 412 2879 opera.
481 2817 666 2865 Deinde
695 2816 890 2866 viriliter
921 2820 970 2866 in
997 2832 1154 2882 agone
1178 2826 1363 2883 pugnet
1385 2826 1555 2871 contra
1577 2826 1737 2888 omnia
1761 2825 1946 2875 Diaboli
1974 2832 2260 2895 temptame-

56 2888 193 2938 nata,
227 2881 277 2932 ὃς
299 2881 330 2929 fi
351 2883 447 2931 hoc
468 2885 636 2932 iecerit
660 2884 831 2949 triplex
852 2885 1046 2933 habebit
1065 2885 1308 2951 praemium
1333 2920 1350 2947 ‚
1403 2892 1512 2959 quia
1549 2890 1783 2944 laboranti
1825 2895 2009 2948 dabitur
2043 2898 2258 2950 denarius

52 2949 260 3002 currenti
285 2949 497 3004 bravium
520 2951 569 3004 ὅ(
596 2953 829 3020 pugnanti
851 2968 1045 3004 corona.
1946 2961 1949 2963 “
2202 2958 2208 2969 ’

1223 3089 1386 3150 2102
2192 3105 2261 3152 De
2330 3113 2340 3122 ‘
