2471 3463
123 210 170 254 2.
184 203 309 268 Cap.
318 199 496 264 stebenbe
510 198 731 265 Quiane.

500 303 616 352 Bibl.
639 303 762 352 Patr.
786 303 937 368 Lugd.

188 416 211 438 t
223 369 457 434 maculam
479 370 659 419 sinistrae
682 370 919 436 opinioniS
949 367 1134 418 incuffit

223 439 273 488 ὅ(
296 436 518 502 possimus
542 446 732 486 cantare
758 438 804 486 ὅ(
819 439 978 485 dicere

225 506 332 555 {aba
343 506 455 568 ⁸haec
471 506 724 554 recudetur
741 506 789 554 in
801 513 955 570 ,caput
976 510 1111 559 tuum

224 653 255 686 o
285 640 506 702 genimen
530 639 801 703 viperarum

48 700 135 767 Ep.
147 703 258 754 XC.
274 707 466 754 Domini
484 705 712 770 Stephani
724 703 1007 751 Parnormit.
1036 666 1056 675 -

221 772 512 830 durioribus,
544 787 645 836 quae
668 771 941 834 frequenter
962 769 1128 817 auditis

193 888 195 891 ,
219 841 344 889 circa
367 854 445 886 me
465 837 754 902 diligentiam
777 835 993 883 exhibuit

216 905 457 954 licentiam
478 903 734 953 recedendi
836 953 840 955 ‚

216 972 268 1023 &
289 988 375 1038 per
393 974 449 1020 R·
462 969 666 1020 deistum
691 967 1034 1034 Syracusanum

217 1040 280 1087 ibi
305 1040 539 1105 quandam
560 1036 882 1085 Genuenlium
903 1052 1077 1088 navem

220 1122 328 1154 cum
354 1107 511 1154 mattis
523 1139 538 1162 ,
552 1122 661 1153 cum
674 1103 877 1153 cultricis

221 1190 248 1220 a
271 1172 596 1221 Genuenfibus
615 1172 887 1237 juramento

219 1241 529 1288 debueramus
552 1275 565 1288 .
598 1275 612 1291 .
644 1240 857 1288 Veniens
888 1268 907 1276 -
940 1238 1164 1287 Genuam

218 1307 268 1355 &
292 1308 528 1355 honorem
560 1307 879 1372 impenderint
902 1307 1019 1356 mihi

82 1387 85 1391 ’
170 1418 172 1420 ,
219 1372 404 1422 Retulit
425 1375 541 1423 mihi
564 1375 755 1438 quidam
777 1376 975 1423 nuncius

151 1564 153 1566 ,
217 1509 276 1556 ab
299 1508 618 1557 inobedientia
642 1507 891 1556 excusetur

219 1576 375 1629 Deus,
391 1578 513 1639 apud
539 1591 680 1639 quem
701 1574 868 1623 melior
891 1573 958 1622 est

218 1642 589 1690 inobedientiam
610 1640 882 1690 detestatur.
901 1693 907 1699 ,

981 160 1090 253 υόη
1111 198 1179 248 se.
1197 178 1547 253 pensandae.
1805 164 1825 185 ⁸
2150 195 2255 264 467]

1585 299 1709 346 Mst.
1729 298 1854 348 Petr.
1883 299 2056 347 Hamb.

1231 394 1250 403 -
1315 365 1548 416 maculam
1562 364 1742 413 finistrae
1764 367 1997 429 opinionis
2019 363 2223 416 immisit.

1314 442 1369 481 ut
1391 432 1624 497 possemus
1647 440 1837 478 cantare
1868 434 2097 484 &dicere-

1226 527 1250 538 -
1315 500 1497 547 fallacia
1550 500 1652 548 haec
1707 499 1982 551 retundetur
2026 503 2077 553 in
2115 504 2260 567 caput

1331 618 1335 621 ⁴
1376 575 1526 613 tuum.

1307 648 1338 681 o
1359 648 1553 698 germen
1588 634 1876 697 viperarum.
2019 665 2024 669 -

1320 702 1404 764 Ep.
1421 701 1655 749 XXXIV.
1674 701 1723 749 P.
1735 699 1995 749 Panormit-

1227 796 1247 805 -
1316 768 1580 815 durioribus
1613 768 1795 815 auditis.

1320 836 1445 881 circa
1468 850 1545 881 me
1569 833 1874 884 dilectionem
1892 833 2123 884 exhibuit.

1318 901 1558 950 licentiam
1588 902 1831 950 redeundi.

1206 992 1224 1002 -
1309 969 1359 1018 δε
1379 967 1584 1018 εΙεᾶὶωτι
1617 968 1974 1034 Syracusanum.

1214 1061 1234 1071 -
1301 1036 1367 1085 ibi
1390 1038 1623 1102 quandam
1644 1036 1925 1100 Januensem
1946 1037 2145 1087 navem.

1301 1119 1411 1152 cum
1432 1105 1641 1169 mappis,
1668 1119 1776 1152 cum
1802 1103 1978 1152 cultris.

1301 1188 1328 1219 a
1348 1172 1652 1235 januensibus
1676 1169 1961 1231 iuramento.

1228 1264 1250 1276 ·
1283 1240 1535 1286 debuimus
1567 1275 1579 1287 .
1612 1274 1625 1290 .
1658 1238 1873 1286 Veniens
1910 1267 1928 1274 -
1962 1238 2176 1301 Januam.

1311 1306 1361 1356 &
1383 1308 1619 1354 honorem
1643 1306 1982 1369 impendebant
2012 1307 2142 1354 mihi.

1310 1373 1494 1452 Retulit
1529 1373 1753 1439 siquidem
1777 1372 1896 1422 mibi
1928 1373 2257 1437 quidam-nun}

1307 1455 1662 1555 abcolljedientia
1695 1483 1959 1556 excusetur.

1311 1575 1441 1622 Deus
1464 1583 1622 1622 autem
1637 1605 1650 1627 ‚
1665 1577 1791 1640 apud
1806 1590 1949 1640 quem
1962 1574 2131 1624 melior
2143 1575 2224 1625 est.

1312 1641 1688 1690 inobedientiam
1714 1642 1923 1690 testatur.

222 1709 302 1773 qui
324 1723 433 1755 cum
455 1709 545 1756 alio
565 1709 900 1774 propheta,ut
922 1707 1218 1766 comederet,
1254 1735 1270 1745 -
1303 1708 1600 1773 Suggerente
1626 1708 1718 1757 alio
1740 1709 1998 1774 Propheta.
2052 1704 2054 1707 ’

284 1774 582 1838 suggerente.

218 1842 301 1905 qui
323 1841 515 1908 Moysen
549 1839 822 1905 objurgavit

216 1907 366 1956 Terra
383 1909 575 1957 Dathan
611 1932 629 1940 -

216 2057 360 2172 3ἰὲἒὲ
381 2042 464 2157 (filii
487 2108 829 2157 similitudinem
857 2108 1059 2159 altiffimi

215 2174 487 2223 testimonio
514 2176 744 2240 scripturae
771 2174 1034 2224 affistebant
1056 2177 1100 2223 ei
1168 2204 1191 2214 -

217 2241 354 2291 Solus
376 2242 511 2292 Filius
524 2258 623 2291 non
645 2244 856 2307 rapinam
876 2245 1122 2292 arbitratus

185 2384 193 2393 ’
218 2375 487 2426 detrefiant
507 2376 827 2426 obedientiam
847 2376 1151 2426 Praelatorum

212 2510 272 2557 ad
293 2508 531 2558 claustrale
555 2510 709 2560 otium

219 2571 361 2626 Vale.

46 2637 276 2704 ‘Ep.XCl.
297 2652 594 2692 terrenorum
620 2644 802 2693 fecibus

217 2712 297 2776 qui
317 2713 569 2760 immundis
595 2713 803 2762 avaritiae

217 2779 327 2843 quia
345 2779 405 2826 de
426 2780 637 2843 exempti
662 2779 766 2828 sunt
785 2778 923 2827 amici
944 2778 1034 2827 Dei

212 2843 395 2910 Pauper
417 2845 588 2894 Christi
610 2849 763 2896 varius
786 2844 852 2894 est

669 1931 732 1946 -κ-
770 1914 1041 1956 erexerunt.
1115 1940 1119 1944 -
1179 1938 1201 1951 -

169 1988 175 1993 ‘
214 1973 292 2026 ille
313 1975 506 2024 Lucifer
527 1983 607 2024 aut
631 1976 790 2041 potius
812 1976 1097 2034 tenebrifer,
1151 1974 1161 1978 l

1310 1844 1389 1906 qui
1411 1843 1611 1908 Moysen
1633 1843 1684 1893 ὃς
1706 1845 1870 1892 Aaron
1884 1841 2170 1909 objurgavit.

1314 1907 1513 1973 Dcstcnt.

1234 2006 1254 2017 -
1322 1975 1400 2025 ille
1421 1978 1634 2038 Lucifer,
1651 1979 1730 2045 qui
1749 1978 1845 2028 fibi.

1198 2135 1217 2146 -
1308 2118 1451 2177 atque
1474 2113 1522 2160 in
1546 2112 1888 2163 similitudinem
1907 2111 2121 2161 altissimi.

1302 2178 1574 2228 testimonio
1597 2179 1802 2228 Danielis
1815 2178 2079 2230 affistebant
2100 2181 2159 2229 ei.

1224 2275 1243 2283 -
1311 2245 1447 2294 Solus
1468 2248 1559 2294 Dei
1588 2247 1724 2295 Filius
1746 2263 1844 2295 non
1883 2248 2095 2311 rapinam
2136 2245 2252 2295 arbi·

1395 2320 1558 2362 tratUS.

1250 2401 1269 2442 ε
1302 2378 1566 2428 detractant
1607 2379 1982 2429 inobedientiam
2034 2379 2252 2444 Praelatog

1374 2462 1497 2494 rum.
1749 2481 1751 2491 ,

1303 2514 1361 2562 ad
1380 2512 1617 2562 claustrale
1649 2511 1875 2563 officium.

1296 2576 1448 2642 Deest.
1749 2605 1754 2611 ·
2063 2640 2068 2644 ι

1305 2647 1390 2712 Ep.
1404 2647 1622 2696 XXXV.
1644 2654 1944 2697 terrenorum
1967 2648 2099 2698 faece.

1294 2717 1374 2779 qui
1393 2714 1593 2763 vinculis
1617 2718 1838 2772 avaritiae.

1207 2804 1230 2814 -
1285 2782 1464 2845 quiade
1488 2792 1612 2830 terra
1635 2784 1849 2849 exempti
1870 2785 1974 2833 sunt
1999 2782 2139 2832 amici
2150 2780 2250 2832 Dei.

1287 2847 1472 2913 Pauper
1495 2848 1669 2897 Christi
1697 2851 1899 2900 vicarius
1923 2850 2005 2900 est.

213 2913 411 2976 Aperias
433 2913 592 2977 itaque
613 2913 802 2979 publice
833 2912 1212 2964 mendicantibus
1246 2936 1265 2950 ·
1300 2917 1499 2982 Aperias
1527 2918 1688 2983 itaque
1709 2918 2103 2968 mendicantibus,

211 2981 292 3044 qui
313 2980 555 3029 abscondit
577 2981 813 3030 frumenta
839 2981 888 3028 in
906 2979 1111 3045 populis.

271 3039 460 3095 Semina
479 3051 526 3096 in
551 3047 983 3107 benedifi‘cionibuS,
1001 3056 1053 3097 ut
1075 3049 1134 3098 de
1159 3049 1239 3099 be-

272 3112 615 3164 nediffionibus
638 3117 684 3166 ὅ(
707 3124 870 3163 metas.

1305 2987 1385 3050 qui
1410 2985 1655 3033 abscondit
1674 2984 1927 3036 frumenta.
2046 2986 2179 3034 Seras
2201 2981 2252 3032 in

1382 3050 1792 3111 benedictionibus
1817 3053 1867 3105 ὃ(
1895 3059 2063 3104 metaS.

1526 3116 1660 3176 vinu
1699 3135 1727 3169 2
2196 3120 2250 3165 tu
