<?xml version="1.0" encoding="UTF-8"?>
<!DOCTYPE html PUBLIC "-//W3C//DTD XHTML 1.0 Transitional//EN"
    "http://www.w3.org/TR/xhtml1/DTD/xhtml1-transitional.dtd">
<html xmlns="http://www.w3.org/1999/xhtml" xml:lang="en" lang="en">
 <head>
  <title>
</title>
<meta http-equiv="Content-Type" content="text/html;charset=utf-8" />
  <meta name='ocr-system' content='tesseract 3.04.00' />
  <meta name='ocr-capabilities' content='ocr_page ocr_carea ocr_par ocr_line ocrx_word'/>
</head>
<body>
  <div class='ocr_page' id='page_1' title='image "./historiaecclesia03stap_0398.png"; bbox 0 0 2471 3463; ppageno 0'>
   <div class='ocr_carea' id='block_1_1' title="bbox 2321 0 2471 75">
    <p class='ocr_par' dir='ltr' id='par_1_1' title="bbox 2321 0 2471 75">
     <span class='ocr_line' id='line_1_1' title="bbox 2321 4 2393 18; baseline 0 -10"><span class='ocrx_word' id='word_1_1' title='bbox 2321 4 2324 8; x_wconf 77' lang='grc'>,</span> <span class='ocrx_word' id='word_1_2' title='bbox 2361 4 2393 18; x_wconf 70' lang='grc'>,</span> 
     </span>
     <span class='ocr_line' id='line_1_2' title="bbox 2388 0 2471 56; baseline 0 -31"><span class='ocrx_word' id='word_1_3' title='bbox 2388 0 2471 56; x_wconf 43' lang='lat' dir='ltr'><strong>W«</strong></span> <span class='ocrx_word' id='word_1_4' title='bbox 2466 38 2471 52; x_wconf 38' lang='grc' dir='ltr'>ἶ</span> 
     </span>
     <span class='ocr_line' id='line_1_3' title="bbox 2423 48 2461 75; baseline 0.026 -8"><span class='ocrx_word' id='word_1_5' title='bbox 2423 48 2461 75; x_wconf 50' lang='grc' dir='ltr'>ω</span> 
     </span>
    </p>
   </div>
   <div class='ocr_carea' id='block_1_2' title="bbox 574 148 606 171">
    <p class='ocr_par' dir='ltr' id='par_1_2' title="bbox 574 148 606 171">
     <span class='ocr_line' id='line_1_4' title="bbox 574 148 606 171; baseline 0 -6"><span class='ocrx_word' id='word_1_6' title='bbox 574 148 606 171; x_wconf 60' lang='grc' dir='ltr'><strong>η</strong></span> 
     </span>
    </p>
   </div>
   <div class='ocr_carea' id='block_1_3' title="bbox 199 200 2471 3069">
    <p class='ocr_par' dir='ltr' id='par_1_3' title="bbox 199 200 2471 3069">
     <span class='ocr_line' id='line_1_5' title="bbox 211 200 2367 290; baseline 0.006 -23"><span class='ocrx_word' id='word_1_7' title='bbox 211 206 308 267; x_wconf 82' lang='lat'><strong>360</strong></span> <span class='ocrx_word' id='word_1_8' title='bbox 362 200 365 203; x_wconf 58' lang='grc'><strong>”</strong></span> <span class='ocrx_word' id='word_1_9' title='bbox 415 220 425 231; x_wconf 79' lang='grc'><strong>”</strong></span> <span class='ocrx_word' id='word_1_10' title='bbox 865 207 1142 265; x_wconf 63' lang='lat' dir='ltr'><strong>utrumn</strong></span> <span class='ocrx_word' id='word_1_11' title='bbox 1163 211 1268 266; x_wconf 70' lang='lat' dir='ltr'><strong>imb</strong></span> <span class='ocrx_word' id='word_1_12' title='bbox 1292 210 1642 270; x_wconf 58' lang='lat' dir='ltr'><strong>melaredum</strong></span> <span class='ocrx_word' id='word_1_13' title='bbox 2059 260 2076 276; x_wconf 72' lang='grc'>,</span> <span class='ocrx_word' id='word_1_14' title='bbox 2120 241 2163 290; x_wconf 89' lang='lat'><strong>3.</strong></span> <span class='ocrx_word' id='word_1_15' title='bbox 2183 222 2367 288; x_wconf 70' lang='lat' dir='ltr'><strong>Pei-iod.</strong></span> 
     </span>
     <span class='ocr_line' id='line_1_6' title="bbox 222 290 2459 326; baseline 0.006 -24"><span class='ocrx_word' id='word_1_16' title='bbox 222 290 2396 326; x_wconf 33' lang='lat' dir='ltr'><strong>Q*</strong></span> <span class='ocrx_word' id='word_1_17' title='bbox 2456 298 2459 301; x_wconf 40' lang='lat' dir='ltr'>v</span> 
     </span>
     <span class='ocr_line' id='line_1_7' title="bbox 199 325 2426 398; baseline 0.01 -30"><span class='ocrx_word' id='word_1_18' title='bbox 199 335 202 338; x_wconf 87' lang='lat'>·</span> <span class='ocrx_word' id='word_1_19' title='bbox 386 325 499 370; x_wconf 86' lang='lat' dir='ltr'><strong>bum</strong></span> <span class='ocrx_word' id='word_1_20' title='bbox 523 338 622 368; x_wconf 90' lang='lat' dir='ltr'><strong>non</strong></span> <span class='ocrx_word' id='word_1_21' title='bbox 644 325 930 389; x_wconf 73' lang='lat' dir='ltr'><strong>attendenti,</strong></span> <span class='ocrx_word' id='word_1_22' title='bbox 965 325 1086 388; x_wconf 82' lang='lat' dir='ltr'><strong>quafl</strong></span> <span class='ocrx_word' id='word_1_23' title='bbox 1108 327 1185 390; x_wconf 89' lang='lat' dir='ltr'><strong>qui</strong></span> <span class='ocrx_word' id='word_1_24' title='bbox 1206 327 1389 375; x_wconf 84' lang='lat' dir='ltr'><strong>suscitat</strong></span> <span class='ocrx_word' id='word_1_25' title='bbox 1411 329 1728 380; x_wconf 76' lang='lat' dir='ltr'><strong>dormientem</strong></span> <span class='ocrx_word' id='word_1_26' title='bbox 1751 334 1812 381; x_wconf 89' lang='lat' dir='ltr'><strong>de</strong></span> <span class='ocrx_word' id='word_1_27' title='bbox 1831 335 1961 398; x_wconf 87' lang='lat' dir='ltr'><strong>gravi</strong></span> <span class='ocrx_word' id='word_1_28' title='bbox 1977 334 2157 383; x_wconf 88' lang='lat' dir='ltr'><strong>somno.</strong></span> <span class='ocrx_word' id='word_1_29' title='bbox 2229 337 2426 390; x_wconf 65' lang='lat' dir='ltr'><strong>Do&amp;ri-›</strong></span> 
     </span>
     <span class='ocr_line' id='line_1_8' title="bbox 385 388 2414 467; baseline 0.005 -29"><span class='ocrx_word' id='word_1_30' title='bbox 385 390 447 438; x_wconf 59' lang='lat' dir='ltr'><strong>n&amp;</strong></span> <span class='ocrx_word' id='word_1_31' title='bbox 466 388 672 436; x_wconf 89' lang='lat' dir='ltr'><strong>noscitur</strong></span> <span class='ocrx_word' id='word_1_32' title='bbox 692 393 777 438; x_wconf 86' lang='lat' dir='ltr'><strong>vir.</strong></span> <span class='ocrx_word' id='word_1_33' title='bbox 848 389 1072 438; x_wconf 61' lang='lat' dir='ltr'><strong>Dofiffina</strong></span> <span class='ocrx_word' id='word_1_34' title='bbox 1094 395 1219 439; x_wconf 87' lang='lat' dir='ltr'><strong>bona</strong></span> <span class='ocrx_word' id='word_1_35' title='bbox 1237 394 1366 441; x_wconf 82' lang='lat' dir='ltr'><strong>dabit</strong></span> <span class='ocrx_word' id='word_1_36' title='bbox 1388 399 1583 457; x_wconf 74' lang='lat' dir='ltr'><strong>gratiam</strong></span> <span class='ocrx_word' id='word_1_37' title='bbox 1597 426 1612 449; x_wconf 85' lang='lat'>‚</span> <span class='ocrx_word' id='word_1_38' title='bbox 1646 400 1756 447; x_wconf 78' lang='lat' dir='ltr'><strong>tons</strong></span> <span class='ocrx_word' id='word_1_39' title='bbox 1777 402 1886 448; x_wconf 87' lang='lat' dir='ltr'><strong>vitae</strong></span> <span class='ocrx_word' id='word_1_40' title='bbox 1902 404 2104 449; x_wconf 86' lang='lat' dir='ltr'>eruditio</span> <span class='ocrx_word' id='word_1_41' title='bbox 2127 401 2414 467; x_wconf 71' lang='lat' dir='ltr'><strong>possidentis.</strong></span> 
     </span>
     <span class='ocr_line' id='line_1_9' title="bbox 469 456 2441 532; baseline 0.007 -30"><span class='ocrx_word' id='word_1_42' title='bbox 469 456 801 505; x_wconf 86' lang='lat' dir='ltr'><strong>ORIGENES.</strong></span> <span class='ocrx_word' id='word_1_43' title='bbox 843 457 920 504; x_wconf 82' lang='lat' dir='ltr'><strong>nle</strong></span> <span class='ocrx_word' id='word_1_44' title='bbox 943 457 1086 505; x_wconf 82' lang='lat' dir='ltr'><strong>offert</strong></span> <span class='ocrx_word' id='word_1_45' title='bbox 1107 458 1377 508; x_wconf 76' lang='lat' dir='ltr'><strong>sacrificium</strong></span> <span class='ocrx_word' id='word_1_46' title='bbox 1397 462 1760 529; x_wconf 84' lang='lat' dir='ltr'><strong>laudis,quipro</strong></span> <span class='ocrx_word' id='word_1_47' title='bbox 1779 481 2073 532; x_wconf 88' lang='lat' dir='ltr'><strong>unoquoque</strong></span> <span class='ocrx_word' id='word_1_48' title='bbox 2086 471 2235 517; x_wconf 82' lang='lat' dir='ltr'><strong>verbo</strong></span> <span class='ocrx_word' id='word_1_49' title='bbox 2258 469 2414 521; x_wconf 64' lang='lat' dir='ltr'><strong>&amp;mm</strong></span> <span class='ocrx_word' id='word_1_50' title='bbox 2438 506 2441 509; x_wconf 89' lang='lat'><strong>.</strong></span> 
     </span>
     <span class='ocr_line' id='line_1_10' title="bbox 383 521 2410 602; baseline 0.007 -32"><span class='ocrx_word' id='word_1_51' title='bbox 383 524 510 570; x_wconf 88' lang='lat' dir='ltr'><strong>ribus</strong></span> <span class='ocrx_word' id='word_1_52' title='bbox 531 521 690 570; x_wconf 88' lang='lat' dir='ltr'><strong>laudat</strong></span> <span class='ocrx_word' id='word_1_53' title='bbox 712 525 761 573; x_wconf 84' lang='lat'>&amp;</span> <span class='ocrx_word' id='word_1_54' title='bbox 785 525 1021 572; x_wconf 80' lang='lat' dir='ltr'><strong>benedicit</strong></span> <span class='ocrx_word' id='word_1_55' title='bbox 1042 527 1316 576; x_wconf 86' lang='lat' dir='ltr'><strong>Dominum.</strong></span> <span class='ocrx_word' id='word_1_56' title='bbox 1420 531 1537 577; x_wconf 89' lang='lat' dir='ltr'><strong>Non</strong></span> <span class='ocrx_word' id='word_1_57' title='bbox 1580 539 1690 578; x_wconf 83' lang='lat' dir='ltr'><strong>ante</strong></span> <span class='ocrx_word' id='word_1_58' title='bbox 1705 531 1817 580; x_wconf 88' lang='lat' dir='ltr'><strong>alios</strong></span> <span class='ocrx_word' id='word_1_59' title='bbox 1839 534 1995 582; x_wconf 89' lang='lat' dir='ltr'><strong>dicere</strong></span> <span class='ocrx_word' id='word_1_60' title='bbox 2019 536 2271 595; x_wconf 70' lang='lat' dir='ltr'><strong>debemUS,</strong></span> <span class='ocrx_word' id='word_1_61' title='bbox 2305 541 2410 602; x_wconf 86' lang='lat' dir='ltr'><strong>quia</strong></span> 
     </span>
     <span class='ocr_line' id='line_1_11' title="bbox 385 589 2359 655; baseline 0.001 -17"><span class='ocrx_word' id='word_1_62' title='bbox 385 592 465 639; x_wconf 90' lang='lat' dir='ltr'><strong>diu</strong></span> <span class='ocrx_word' id='word_1_63' title='bbox 485 589 692 638; x_wconf 70' lang='lat' dir='ltr'><strong>instruffl</strong></span> <span class='ocrx_word' id='word_1_64' title='bbox 714 591 794 655; x_wconf 71' lang='lat' dir='ltr'><strong>xpfi</strong></span> <span class='ocrx_word' id='word_1_65' title='bbox 817 607 915 638; x_wconf 91' lang='lat' dir='ltr'><strong>non</strong></span> <span class='ocrx_word' id='word_1_66' title='bbox 938 593 1105 644; x_wconf 83' lang='lat' dir='ltr'><strong>sumus.</strong></span> <span class='ocrx_word' id='word_1_67' title='bbox 2356 652 2359 653; x_wconf 15' lang='lat'><em>⁷</em></span> 
     </span>
     <span class='ocr_line' id='line_1_12' title="bbox 464 656 2426 733; baseline 0.007 -28"><span class='ocrx_word' id='word_1_68' title='bbox 464 656 888 705; x_wconf 85' lang='lat' dir='ltr'><strong>AUGUSTINUS.</strong></span> <span class='ocrx_word' id='word_1_69' title='bbox 921 659 1065 716; x_wconf 89' lang='lat' dir='ltr'><strong>Sunt,</strong></span> <span class='ocrx_word' id='word_1_70' title='bbox 1087 661 1164 724; x_wconf 87' lang='lat' dir='ltr'><strong>qui</strong></span> <span class='ocrx_word' id='word_1_71' title='bbox 1188 667 1355 709; x_wconf 87' lang='lat' dir='ltr'><strong>tenent</strong></span> <span class='ocrx_word' id='word_1_72' title='bbox 1376 662 1531 728; x_wconf 85' lang='lat' dir='ltr'><strong>Iegem</strong></span> <span class='ocrx_word' id='word_1_73' title='bbox 1555 665 1858 722; x_wconf 78' lang='lat' dir='ltr'><strong>memoriter,</strong></span> <span class='ocrx_word' id='word_1_74' title='bbox 1882 666 1959 714; x_wconf 87' lang='lat' dir='ltr'><strong>sed</strong></span> <span class='ocrx_word' id='word_1_75' title='bbox 1974 667 2070 716; x_wconf 88' lang='lat' dir='ltr'><strong>vita</strong></span> <span class='ocrx_word' id='word_1_76' title='bbox 2092 669 2236 733; x_wconf 88' lang='lat' dir='ltr'><strong>ipsam</strong></span> <span class='ocrx_word' id='word_1_77' title='bbox 2249 656 2426 733; x_wconf 28' lang='lat' dir='ltr'><strong>imple-⁷</strong></span> 
     </span>
     <span class='ocr_line' id='line_1_13' title="bbox 386 724 2411 798; baseline 0.007 -26"><span class='ocrx_word' id='word_1_78' title='bbox 386 739 437 773; x_wconf 89' lang='lat' dir='ltr'><strong>re</strong></span> <span class='ocrx_word' id='word_1_79' title='bbox 461 724 708 788; x_wconf 87' lang='lat' dir='ltr'><strong>negligunt</strong></span> <span class='ocrx_word' id='word_1_80' title='bbox 735 724 941 789; x_wconf 81' lang='lat' dir='ltr'><strong>Magistri</strong></span> <span class='ocrx_word' id='word_1_81' title='bbox 963 727 1138 791; x_wconf 85' lang='lat' dir='ltr'><strong>quippe</strong></span> <span class='ocrx_word' id='word_1_82' title='bbox 1158 727 1438 777; x_wconf 88' lang='lat' dir='ltr'><strong>innocentes</strong></span> <span class='ocrx_word' id='word_1_83' title='bbox 1460 747 1558 778; x_wconf 88' lang='lat' dir='ltr'><strong>non</strong></span> <span class='ocrx_word' id='word_1_84' title='bbox 1583 731 1710 787; x_wconf 87' lang='lat' dir='ltr'><strong>estis,</strong></span> <span class='ocrx_word' id='word_1_85' title='bbox 1748 732 1778 779; x_wconf 85' lang='lat' dir='ltr'><strong>si</strong></span> <span class='ocrx_word' id='word_1_86' title='bbox 1798 735 1962 780; x_wconf 77' lang='lat' dir='ltr'><strong>tratres</strong></span> <span class='ocrx_word' id='word_1_87' title='bbox 1982 732 2189 791; x_wconf 81' lang='lat' dir='ltr'><strong>vestros,</strong></span> <span class='ocrx_word' id='word_1_88' title='bbox 2205 749 2324 798; x_wconf 84' lang='lat' dir='ltr'><strong>quos</strong></span> <span class='ocrx_word' id='word_1_89' title='bbox 2338 733 2411 798; x_wconf 73' lang='lat' dir='ltr'><strong>ju·-</strong></span> 
     </span>
     <span class='ocr_line' id='line_1_14' title="bbox 384 792 2409 868; baseline 0.004 -29"><span class='ocrx_word' id='word_1_90' title='bbox 384 793 589 839; x_wconf 90' lang='lat' dir='ltr'><strong>dicando</strong></span> <span class='ocrx_word' id='word_1_91' title='bbox 614 792 851 856; x_wconf 84' lang='lat' dir='ltr'><strong>corrigere</strong></span> <span class='ocrx_word' id='word_1_92' title='bbox 873 792 1095 856; x_wconf 86' lang='lat' dir='ltr'><strong>potestis,</strong></span> <span class='ocrx_word' id='word_1_93' title='bbox 1123 797 1328 842; x_wconf 91' lang='lat' dir='ltr'><strong>tacendo</strong></span> <span class='ocrx_word' id='word_1_94' title='bbox 1350 799 1502 859; x_wconf 88' lang='lat' dir='ltr'><strong>perire</strong></span> <span class='ocrx_word' id='word_1_95' title='bbox 1527 800 1775 862; x_wconf 80' lang='lat' dir='ltr'><strong>permittis.</strong></span> <span class='ocrx_word' id='word_1_96' title='bbox 1864 800 1962 862; x_wconf 89' lang='lat' dir='ltr'><strong>Ipse</strong></span> <span class='ocrx_word' id='word_1_97' title='bbox 1985 802 2112 849; x_wconf 89' lang='lat' dir='ltr'><strong>enim</strong></span> <span class='ocrx_word' id='word_1_98' title='bbox 2135 802 2216 868; x_wconf 87' lang='lat' dir='ltr'><strong>qui</strong></span> <span class='ocrx_word' id='word_1_99' title='bbox 2237 801 2409 865; x_wconf 64' lang='lat' dir='ltr'><strong>praeest,</strong></span> 
     </span>
     <span class='ocr_line' id='line_1_15' title="bbox 382 856 2413 931; baseline 0.005 -25"><span class='ocrx_word' id='word_1_100' title='bbox 382 874 483 906; x_wconf 89' lang='lat' dir='ltr'><strong>non</strong></span> <span class='ocrx_word' id='word_1_101' title='bbox 507 860 550 906; x_wconf 82' lang='lat' dir='ltr'><strong>le</strong></span> <span class='ocrx_word' id='word_1_102' title='bbox 570 856 800 906; x_wconf 85' lang='lat' dir='ltr'><strong>existimet</strong></span> <span class='ocrx_word' id='word_1_103' title='bbox 841 857 1074 929; x_wconf 88' lang='lat' dir='ltr'><strong>potestate</strong></span> <span class='ocrx_word' id='word_1_104' title='bbox 1109 862 1408 918; x_wconf 88' lang='lat' dir='ltr'><strong>dominandi,</strong></span> <span class='ocrx_word' id='word_1_105' title='bbox 1440 866 1516 911; x_wconf 82' lang='lat' dir='ltr'><strong>sed</strong></span> <span class='ocrx_word' id='word_1_106' title='bbox 1540 866 1735 912; x_wconf 88' lang='lat' dir='ltr'><strong>caritate</strong></span> <span class='ocrx_word' id='word_1_107' title='bbox 1766 867 2024 921; x_wconf 84' lang='lat' dir='ltr'><strong>serviendi,</strong></span> <span class='ocrx_word' id='word_1_108' title='bbox 2052 866 2157 931; x_wconf 88' lang='lat' dir='ltr'><strong>plus</strong></span> <span class='ocrx_word' id='word_1_109' title='bbox 2181 867 2240 914; x_wconf 87' lang='lat' dir='ltr'><strong>de</strong></span> <span class='ocrx_word' id='word_1_110' title='bbox 2259 868 2312 914; x_wconf 88' lang='lat' dir='ltr'><strong>iis</strong></span> <span class='ocrx_word' id='word_1_111' title='bbox 2343 867 2413 917; x_wconf 51' lang='lat' dir='ltr'><strong>est¹</strong></span> 
     </span>
     <span class='ocr_line' id='line_1_16' title="bbox 382 925 2406 1002; baseline 0.005 -30"><span class='ocrx_word' id='word_1_112' title='bbox 382 927 632 982; x_wconf 78' lang='lat' dir='ltr'><strong>amanduS,</strong></span> <span class='ocrx_word' id='word_1_113' title='bbox 653 926 817 1002; x_wconf 76' lang='lat' dir='ltr'><strong>quibus</strong></span> <span class='ocrx_word' id='word_1_114' title='bbox 840 925 1028 991; x_wconf 84' lang='lat' dir='ltr'><strong>praeest,</strong></span> <span class='ocrx_word' id='word_1_115' title='bbox 1066 942 1207 991; x_wconf 85' lang='lat' dir='ltr'><strong>quam</strong></span> <span class='ocrx_word' id='word_1_116' title='bbox 1227 931 1477 979; x_wconf 80' lang='lat' dir='ltr'><strong>timendus,</strong></span> <span class='ocrx_word' id='word_1_117' title='bbox 1545 931 1660 980; x_wconf 93' lang='lat' dir='ltr'><strong>Noli</strong></span> <span class='ocrx_word' id='word_1_118' title='bbox 1682 934 1929 981; x_wconf 84' lang='lat' dir='ltr'><strong>attendere</strong></span> <span class='ocrx_word' id='word_1_119' title='bbox 1945 932 2144 983; x_wconf 77' lang='lat' dir='ltr'><strong>adlabia</strong></span> <span class='ocrx_word' id='word_1_120' title='bbox 2156 934 2406 998; x_wconf 81' lang='lat' dir='ltr'><strong>loquentis,</strong></span> 
     </span>
     <span class='ocr_line' id='line_1_17' title="bbox 417 1000 2417 1039; baseline -0.002 0"><span class='ocrx_word' id='word_1_121' title='bbox 417 1009 524 1039; x_wconf 87' lang='lat' dir='ltr'><strong>uam</strong></span> <span class='ocrx_word' id='word_1_122' title='bbox 548 1008 577 1039; x_wconf 94' lang='lat' dir='ltr'><strong>o</strong></span> <span class='ocrx_word' id='word_1_123' title='bbox 615 1000 802 1039; x_wconf 81' lang='lat' dir='ltr'><strong>erantis.</strong></span> <span class='ocrx_word' id='word_1_124' title='bbox 2373 1030 2379 1036; x_wconf 65' lang='grc'>,</span> <span class='ocrx_word' id='word_1_125' title='bbox 2408 1006 2417 1009; x_wconf 51' lang='lat'><em>⁴</em></span> 
     </span>
     <span class='ocr_line' id='line_1_18' title="bbox 383 1008 2410 1131; baseline 0.007 -26"><span class='ocrx_word' id='word_1_126' title='bbox 383 1010 413 1057; x_wconf 76' lang='lat' dir='ltr'>q</span> <span class='ocrx_word' id='word_1_127' title='bbox 461 1008 899 1106; x_wconf 44' lang='lat' dir='ltr'><strong>HIEIgONYMUS.</strong></span> <span class='ocrx_word' id='word_1_128' title='bbox 938 1060 1034 1124; x_wconf 87' lang='lat' dir='ltr'><strong>Qi</strong></span> <span class='ocrx_word' id='word_1_129' title='bbox 1056 1059 1211 1124; x_wconf 88' lang='lat' dir='ltr'><strong>pastor</strong></span> <span class='ocrx_word' id='word_1_130' title='bbox 1237 1060 1486 1118; x_wconf 86' lang='lat' dir='ltr'><strong>est,debet</strong></span> <span class='ocrx_word' id='word_1_131' title='bbox 1507 1063 1599 1112; x_wconf 81' lang='lat' dir='ltr'><strong>effe</strong></span> <span class='ocrx_word' id='word_1_132' title='bbox 1621 1065 1671 1115; x_wconf 82' lang='lat'><strong>&amp;</strong></span> <span class='ocrx_word' id='word_1_133' title='bbox 1695 1065 1927 1131; x_wconf 84' lang='lat' dir='ltr'><strong>Magister.</strong></span> <span class='ocrx_word' id='word_1_134' title='bbox 2023 1069 2131 1116; x_wconf 88' lang='lat' dir='ltr'><strong>Nec</strong></span> <span class='ocrx_word' id='word_1_135' title='bbox 2151 1068 2199 1115; x_wconf 89' lang='lat' dir='ltr'><strong>in</strong></span> <span class='ocrx_word' id='word_1_136' title='bbox 2220 1065 2410 1122; x_wconf 71' lang='lat' dir='ltr'><strong>ecclelia</strong></span> 
     </span>
     <span class='ocr_line' id='line_1_19' title="bbox 380 1125 2410 1199; baseline 0.003 -25"><span class='ocrx_word' id='word_1_137' title='bbox 380 1127 652 1194; x_wconf 84' lang='lat' dir='ltr'><strong>quisquam,</strong></span> <span class='ocrx_word' id='word_1_138' title='bbox 667 1127 878 1188; x_wconf 89' lang='lat' dir='ltr'><strong>quamvis</strong></span> <span class='ocrx_word' id='word_1_139' title='bbox 899 1125 1093 1173; x_wconf 58' lang='lat' dir='ltr'><strong>santius</strong></span> <span class='ocrx_word' id='word_1_140' title='bbox 1115 1127 1168 1174; x_wconf 86' lang='lat' dir='ltr'><strong>fit</strong></span> <span class='ocrx_word' id='word_1_141' title='bbox 1189 1127 1382 1191; x_wconf 87' lang='lat' dir='ltr'><strong>pastoris</strong></span> <span class='ocrx_word' id='word_1_142' title='bbox 1397 1145 1575 1179; x_wconf 86' lang='lat' dir='ltr'><strong>nomen</strong></span> <span class='ocrx_word' id='word_1_143' title='bbox 1599 1131 1825 1181; x_wconf 71' lang='lat' dir='ltr'><strong>&#39;assumere</strong></span> <span class='ocrx_word' id='word_1_144' title='bbox 1847 1135 2045 1191; x_wconf 85' lang='lat' dir='ltr'><strong>audeat,</strong></span> <span class='ocrx_word' id='word_1_145' title='bbox 2067 1134 2146 1182; x_wconf 86' lang='lat' dir='ltr'><strong>nifi</strong></span> <span class='ocrx_word' id='word_1_146' title='bbox 2167 1131 2307 1199; x_wconf 79' lang='lat' dir='ltr'><strong>possit</strong></span> <span class='ocrx_word' id='word_1_147' title='bbox 2327 1135 2410 1181; x_wconf 65' lang='lat' dir='ltr'><strong>doz</strong></span> 
     </span>
     <span class='ocr_line' id='line_1_20' title="bbox 379 1190 2411 1265; baseline 0.003 -22"><span class='ocrx_word' id='word_1_148' title='bbox 379 1208 516 1249; x_wconf 90' lang='lat' dir='ltr'><strong>cere,</strong></span> <span class='ocrx_word' id='word_1_149' title='bbox 551 1207 670 1256; x_wconf 91' lang='lat' dir='ltr'><strong>quos</strong></span> <span class='ocrx_word' id='word_1_150' title='bbox 693 1191 851 1255; x_wconf 86' lang='lat' dir='ltr'><strong>pascit.</strong></span> <span class='ocrx_word' id='word_1_151' title='bbox 922 1190 990 1238; x_wconf 93' lang='lat' dir='ltr'><strong>Illi</strong></span> <span class='ocrx_word' id='word_1_152' title='bbox 1014 1194 1139 1239; x_wconf 90' lang='lat' dir='ltr'><strong>enim</strong></span> <span class='ocrx_word' id='word_1_153' title='bbox 1165 1194 1361 1242; x_wconf 89' lang='lat' dir='ltr'><strong>aliorum</strong></span> <span class='ocrx_word' id='word_1_154' title='bbox 1384 1198 1561 1245; x_wconf 90' lang='lat' dir='ltr'><strong>debent</strong></span> <span class='ocrx_word' id='word_1_155' title='bbox 1584 1198 1700 1256; x_wconf 85' lang='lat' dir='ltr'><strong>effe,</strong></span> <span class='ocrx_word' id='word_1_156' title='bbox 1719 1199 1968 1257; x_wconf 67' lang='lat' dir='ltr'><strong>doctores,</strong></span> <span class='ocrx_word' id='word_1_157' title='bbox 1997 1202 2075 1265; x_wconf 83' lang='lat' dir='ltr'><strong>qui</strong></span> <span class='ocrx_word' id='word_1_158' title='bbox 2098 1201 2301 1265; x_wconf 88' lang='lat' dir='ltr'><strong>speciem</strong></span> <span class='ocrx_word' id='word_1_159' title='bbox 2325 1199 2411 1250; x_wconf 59' lang='lat' dir='ltr'><strong>su&#39;ae</strong></span> 
     </span>
     <span class='ocr_line' id='line_1_21' title="bbox 380 1257 2409 1331; baseline 0.003 -21"><span class='ocrx_word' id='word_1_160' title='bbox 380 1259 753 1310; x_wconf 80' lang='lat' dir='ltr'><strong>conversationis</strong></span> <span class='ocrx_word' id='word_1_161' title='bbox 777 1257 927 1304; x_wconf 92' lang='lat' dir='ltr'><strong>multo</strong></span> <span class='ocrx_word' id='word_1_162' title='bbox 947 1267 1057 1305; x_wconf 87' lang='lat' dir='ltr'><strong>ante</strong></span> <span class='ocrx_word' id='word_1_163' title='bbox 1079 1266 1298 1324; x_wconf 90' lang='lat' dir='ltr'><strong>tempore</strong></span> <span class='ocrx_word' id='word_1_164' title='bbox 1322 1264 1601 1313; x_wconf 87' lang='lat' dir='ltr'><strong>didicerunt.</strong></span> <span class='ocrx_word' id='word_1_165' title='bbox 1672 1266 1798 1313; x_wconf 88' lang='lat' dir='ltr'><strong>Cum</strong></span> <span class='ocrx_word' id='word_1_166' title='bbox 1812 1269 1871 1313; x_wconf 90' lang='lat' dir='ltr'><strong>de</strong></span> <span class='ocrx_word' id='word_1_167' title='bbox 1891 1268 2103 1315; x_wconf 84' lang='lat' dir='ltr'><strong>Domino</strong></span> <span class='ocrx_word' id='word_1_168' title='bbox 2121 1267 2409 1331; x_wconf 61' lang='lat' dir='ltr'><strong>loquerisdta&#39;</strong></span> 
     </span>
     <span class='ocr_line' id='line_1_22' title="bbox 380 1324 2408 1398; baseline 0.004 -24"><span class='ocrx_word' id='word_1_169' title='bbox 380 1329 523 1378; x_wconf 87' lang='lat' dir='ltr'><strong>debes</strong></span> <span class='ocrx_word' id='word_1_170' title='bbox 546 1334 811 1388; x_wconf 88' lang='lat' dir='ltr'><strong>temperare</strong></span> <span class='ocrx_word' id='word_1_171' title='bbox 831 1324 1096 1372; x_wconf 90' lang='lat' dir='ltr'><strong>sermonem</strong></span> <span class='ocrx_word' id='word_1_172' title='bbox 1111 1359 1125 1382; x_wconf 94' lang='lat'><strong>,</strong></span> <span class='ocrx_word' id='word_1_173' title='bbox 1158 1335 1211 1374; x_wconf 90' lang='lat' dir='ltr'><strong>ut</strong></span> <span class='ocrx_word' id='word_1_174' title='bbox 1231 1329 1475 1377; x_wconf 81' lang='lat' dir='ltr'><strong>audientes</strong></span> <span class='ocrx_word' id='word_1_175' title='bbox 1498 1331 1687 1378; x_wconf 84' lang='lat' dir='ltr'><strong>diversis</strong></span> <span class='ocrx_word' id='word_1_176' title='bbox 1709 1331 1890 1381; x_wconf 87' lang='lat' dir='ltr'><strong>reficias</strong></span> <span class='ocrx_word' id='word_1_177' title='bbox 1921 1333 2062 1389; x_wconf 88' lang='lat' dir='ltr'><strong>cibis,</strong></span> <span class='ocrx_word' id='word_1_178' title='bbox 2096 1332 2146 1382; x_wconf 88' lang='lat'>&amp;</span> <span class='ocrx_word' id='word_1_179' title='bbox 2165 1335 2408 1398; x_wconf 57' lang='lat' dir='ltr'><strong>unusquis,</strong></span> 
     </span>
     <span class='ocr_line' id='line_1_23' title="bbox 380 1389 2471 1467; baseline 0.003 -26"><span class='ocrx_word' id='word_1_180' title='bbox 380 1409 471 1460; x_wconf 89' lang='lat' dir='ltr'><strong>que</strong></span> <span class='ocrx_word' id='word_1_181' title='bbox 494 1392 745 1440; x_wconf 82' lang='lat' dir='ltr'><strong>secundum</strong></span> <span class='ocrx_word' id='word_1_182' title='bbox 770 1389 1119 1456; x_wconf 83' lang='lat' dir='ltr'><strong>poffibilitatem</strong></span> <span class='ocrx_word' id='word_1_183' title='bbox 1143 1393 1372 1448; x_wconf 82' lang='lat' dir='ltr'><strong>stomachi</strong></span> <span class='ocrx_word' id='word_1_184' title='bbox 1392 1397 1454 1444; x_wconf 93' lang='lat' dir='ltr'><strong>sui</strong></span> <span class='ocrx_word' id='word_1_185' title='bbox 1478 1413 1692 1462; x_wconf 84' lang='lat' dir='ltr'><strong>congrua</strong></span> <span class='ocrx_word' id='word_1_186' title='bbox 1709 1399 1928 1448; x_wconf 82' lang='lat' dir='ltr'><strong>alimenta</strong></span> <span class='ocrx_word' id='word_1_187' title='bbox 1949 1400 2175 1464; x_wconf 76' lang='lat' dir='ltr'><strong>suscipiat.</strong></span> <span class='ocrx_word' id='word_1_188' title='bbox 2245 1401 2434 1467; x_wconf 63' lang='lat' dir='ltr'><strong>Qat‘i··</strong></span> <span class='ocrx_word' id='word_1_189' title='bbox 2470 1405 2471 1410; x_wconf 75' lang='grc'>’</span> 
     </span>
     <span class='ocr_line' id='line_1_24' title="bbox 379 1460 2406 1530; baseline 0.003 -21"><span class='ocrx_word' id='word_1_190' title='bbox 379 1465 442 1509; x_wconf 83' lang='grc'><strong>(10</strong></span> <span class='ocrx_word' id='word_1_191' title='bbox 466 1461 678 1508; x_wconf 78' lang='lat' dir='ltr'><strong>sacerdos</strong></span> <span class='ocrx_word' id='word_1_192' title='bbox 703 1460 855 1522; x_wconf 76' lang='lat' dir='ltr'><strong>arguit</strong></span> <span class='ocrx_word' id='word_1_193' title='bbox 880 1469 1183 1524; x_wconf 80' lang='lat' dir='ltr'><strong>peccatores,</strong></span> <span class='ocrx_word' id='word_1_194' title='bbox 1220 1461 1248 1508; x_wconf 80' lang='lat' dir='ltr'><strong>si</strong></span> <span class='ocrx_word' id='word_1_195' title='bbox 1272 1461 1332 1509; x_wconf 90' lang='lat' dir='ltr'><strong>illi</strong></span> <span class='ocrx_word' id='word_1_196' title='bbox 1355 1464 1515 1511; x_wconf 89' lang='lat' dir='ltr'><strong>audire</strong></span> <span class='ocrx_word' id='word_1_197' title='bbox 1533 1465 2406 1530; x_wconf 60' lang='lat' dir='ltr'><strong>contempserint,&amp;intracongruu&#39;lh</strong></span> 
     </span>
     <span class='ocr_line' id='line_1_25' title="bbox 376 1526 2404 1598; baseline 0.002 -21"><span class='ocrx_word' id='word_1_198' title='bbox 376 1533 425 1580; x_wconf 91' lang='lat' dir='ltr'><strong>in</strong></span> <span class='ocrx_word' id='word_1_199' title='bbox 449 1543 557 1575; x_wconf 84' lang='lat' dir='ltr'><strong>eum</strong></span> <span class='ocrx_word' id='word_1_200' title='bbox 583 1526 889 1583; x_wconf 82' lang='lat' dir='ltr'><strong>laeviunt,ille</strong></span> <span class='ocrx_word' id='word_1_201' title='bbox 916 1526 1223 1575; x_wconf 85' lang='lat' dir='ltr'><strong>nibilominus</strong></span> <span class='ocrx_word' id='word_1_202' title='bbox 1246 1530 1485 1593; x_wconf 84' lang='lat' dir='ltr'><strong>increpet,</strong></span> <span class='ocrx_word' id='word_1_203' title='bbox 1523 1547 1614 1579; x_wconf 91' lang='lat' dir='ltr'><strong>nec</strong></span> <span class='ocrx_word' id='word_1_204' title='bbox 1637 1533 1812 1581; x_wconf 88' lang='lat' dir='ltr'><strong>timore</strong></span> <span class='ocrx_word' id='word_1_205' title='bbox 1838 1534 2106 1598; x_wconf 88' lang='lat' dir='ltr'><strong>superetur,</strong></span> <span class='ocrx_word' id='word_1_206' title='bbox 2140 1547 2236 1597; x_wconf 92' lang='lat' dir='ltr'><strong>quo</strong></span> <span class='ocrx_word' id='word_1_207' title='bbox 2257 1533 2404 1581; x_wconf 88' lang='lat' dir='ltr'><strong>minus</strong></span> 
     </span>
     <span class='ocr_line' id='line_1_26' title="bbox 378 1592 2406 1663; baseline 0.001 -18"><span class='ocrx_word' id='word_1_208' title='bbox 378 1603 542 1660; x_wconf 84' lang='lat' dir='ltr'><strong>arguat</strong></span> <span class='ocrx_word' id='word_1_209' title='bbox 565 1603 846 1659; x_wconf 84' lang='lat' dir='ltr'><strong>peccatores</strong></span> <span class='ocrx_word' id='word_1_210' title='bbox 868 1594 914 1641; x_wconf 92' lang='lat' dir='ltr'><strong>in</strong></span> <span class='ocrx_word' id='word_1_211' title='bbox 932 1592 1043 1641; x_wconf 82' lang='lat' dir='ltr'><strong>flatu</strong></span> <span class='ocrx_word' id='word_1_212' title='bbox 1067 1595 1314 1642; x_wconf 87' lang='lat' dir='ltr'><strong>oculorum</strong></span> <span class='ocrx_word' id='word_1_213' title='bbox 1335 1596 1383 1645; x_wconf 73' lang='grc' dir='ltr'><strong>δε</strong></span> <span class='ocrx_word' id='word_1_214' title='bbox 1403 1596 1596 1646; x_wconf 88' lang='lat' dir='ltr'><strong>stridore</strong></span> <span class='ocrx_word' id='word_1_215' title='bbox 1617 1600 1848 1649; x_wconf 89' lang='lat' dir='ltr'><strong>dentium.</strong></span> <span class='ocrx_word' id='word_1_216' title='bbox 1918 1599 2184 1652; x_wconf 71' lang='lat' dir='ltr'><strong>Do&amp;0rum</strong></span> <span class='ocrx_word' id='word_1_217' title='bbox 2199 1597 2406 1663; x_wconf 84' lang='lat' dir='ltr'><strong>officium</strong></span> 
     </span>
     <span class='ocr_line' id='line_1_27' title="bbox 377 1660 2405 1726; baseline 0.002 -16"><span class='ocrx_word' id='word_1_218' title='bbox 377 1663 471 1719; x_wconf 90' lang='lat' dir='ltr'><strong>est,</strong></span> <span class='ocrx_word' id='word_1_219' title='bbox 503 1660 611 1725; x_wconf 83' lang='lat' dir='ltr'><strong>lapfi</strong></span> <span class='ocrx_word' id='word_1_220' title='bbox 633 1677 827 1708; x_wconf 87' lang='lat' dir='ltr'><strong>manum</strong></span> <span class='ocrx_word' id='word_1_221' title='bbox 851 1662 1120 1726; x_wconf 81' lang='lat' dir='ltr'><strong>porrigere,</strong></span> <span class='ocrx_word' id='word_1_222' title='bbox 1159 1662 1207 1712; x_wconf 71' lang='grc' dir='ltr'><strong>ὅ(</strong></span> <span class='ocrx_word' id='word_1_223' title='bbox 1229 1665 1487 1712; x_wconf 87' lang='lat' dir='ltr'><strong>errantibus</strong></span> <span class='ocrx_word' id='word_1_224' title='bbox 1510 1664 1600 1712; x_wconf 90' lang='lat' dir='ltr'><strong>iter</strong></span> <span class='ocrx_word' id='word_1_225' title='bbox 1619 1666 1894 1725; x_wconf 87' lang='lat' dir='ltr'><strong>ostendere,</strong></span> <span class='ocrx_word' id='word_1_226' title='bbox 1931 1666 2119 1714; x_wconf 88' lang='lat' dir='ltr'><strong>stultum</strong></span> <span class='ocrx_word' id='word_1_227' title='bbox 2140 1664 2206 1713; x_wconf 89' lang='lat' dir='ltr'><strong>est</strong></span> <span class='ocrx_word' id='word_1_228' title='bbox 2231 1668 2405 1715; x_wconf 79' lang='lat' dir='ltr'><strong>docere</strong></span> 
     </span>
     <span class='ocr_line' id='line_1_28' title="bbox 378 1728 2402 1799; baseline 0.002 -21"><span class='ocrx_word' id='word_1_229' title='bbox 378 1732 630 1796; x_wconf 83' lang='lat' dir='ltr'><strong>quicquam</strong></span> <span class='ocrx_word' id='word_1_230' title='bbox 645 1763 657 1787; x_wconf 87' lang='lat'><strong>,</strong></span> <span class='ocrx_word' id='word_1_231' title='bbox 673 1731 801 1793; x_wconf 91' lang='lat' dir='ltr'><strong>quod</strong></span> <span class='ocrx_word' id='word_1_232' title='bbox 825 1728 920 1792; x_wconf 89' lang='lat' dir='ltr'><strong>ipse</strong></span> <span class='ocrx_word' id='word_1_233' title='bbox 944 1730 1148 1792; x_wconf 80' lang='lat' dir='ltr'><strong>ignorat.</strong></span> <span class='ocrx_word' id='word_1_234' title='bbox 1251 1730 1429 1779; x_wconf 81' lang='lat' dir='ltr'><strong>Orator</strong></span> <span class='ocrx_word' id='word_1_235' title='bbox 1452 1731 1606 1796; x_wconf 84' lang='lat' dir='ltr'><strong>plures</strong></span> <span class='ocrx_word' id='word_1_236' title='bbox 1628 1733 1866 1787; x_wconf 88' lang='lat' dir='ltr'><strong>sermones</strong></span> <span class='ocrx_word' id='word_1_237' title='bbox 1881 1734 2040 1799; x_wconf 86' lang='lat' dir='ltr'><strong>paucis</strong></span> <span class='ocrx_word' id='word_1_238' title='bbox 2060 1733 2215 1781; x_wconf 87' lang='lat' dir='ltr'><strong>verbis</strong></span> <span class='ocrx_word' id='word_1_239' title='bbox 2239 1734 2402 1799; x_wconf 82' lang='lat' dir='ltr'><strong>aperit.</strong></span> 
     </span>
     <span class='ocr_line' id='line_1_29' title="bbox 374 1796 2406 1859; baseline -0 -12"><span class='ocrx_word' id='word_1_240' title='bbox 374 1801 491 1847; x_wconf 91' lang='lat' dir='ltr'><strong>Non</strong></span> <span class='ocrx_word' id='word_1_241' title='bbox 516 1796 810 1844; x_wconf 84' lang='lat' dir='ltr'><strong>confundant</strong></span> <span class='ocrx_word' id='word_1_242' title='bbox 845 1811 992 1859; x_wconf 81' lang='lat' dir='ltr'><strong>opera</strong></span> <span class='ocrx_word' id='word_1_243' title='bbox 1028 1797 1293 1844; x_wconf 85' lang='lat' dir='ltr'><strong>sermonem</strong></span> <span class='ocrx_word' id='word_1_244' title='bbox 1331 1796 1580 1845; x_wconf 78' lang='lat' dir='ltr'><strong>sacerdotis</strong></span> <span class='ocrx_word' id='word_1_245' title='bbox 1600 1833 1615 1856; x_wconf 93' lang='lat'><strong>,</strong></span> <span class='ocrx_word' id='word_1_246' title='bbox 1649 1815 1708 1846; x_wconf 89' lang='lat' dir='ltr'><strong>ne</strong></span> <span class='ocrx_word' id='word_1_247' title='bbox 1733 1802 1860 1847; x_wconf 80' lang='lat' dir='ltr'><strong>forte</strong></span> <span class='ocrx_word' id='word_1_248' title='bbox 1911 1815 2020 1846; x_wconf 89' lang='lat' dir='ltr'><strong>cum</strong></span> <span class='ocrx_word' id='word_1_249' title='bbox 2042 1799 2092 1846; x_wconf 86' lang='lat' dir='ltr'><strong>in</strong></span> <span class='ocrx_word' id='word_1_250' title='bbox 2114 1800 2317 1846; x_wconf 76' lang='lat' dir='ltr'><strong>Ecclesia</strong></span> <span class='ocrx_word' id='word_1_251' title='bbox 2339 1799 2406 1846; x_wconf 88' lang='lat' dir='ltr'><strong>lo-</strong></span> 
     </span>
     <span class='ocr_line' id='line_1_30' title="bbox 378 1863 2406 1931; baseline 0 -19"><span class='ocrx_word' id='word_1_252' title='bbox 378 1866 457 1931; x_wconf 89' lang='lat' dir='ltr'><strong>qui</strong></span> <span class='ocrx_word' id='word_1_253' title='bbox 480 1865 709 1926; x_wconf 85' lang='lat' dir='ltr'><strong>coeperit,</strong></span> <span class='ocrx_word' id='word_1_254' title='bbox 747 1863 892 1909; x_wconf 79' lang='lat' dir='ltr'><strong>tacite</strong></span> <span class='ocrx_word' id='word_1_255' title='bbox 913 1865 1158 1926; x_wconf 87' lang='lat' dir='ltr'><strong>quisquam</strong></span> <span class='ocrx_word' id='word_1_256' title='bbox 1180 1864 1584 1925; x_wconf 85' lang='lat' dir='ltr'><strong>respondeat,cur</strong></span> <span class='ocrx_word' id='word_1_257' title='bbox 1605 1868 1702 1913; x_wconf 88' lang='lat' dir='ltr'><strong>hoc</strong></span> <span class='ocrx_word' id='word_1_258' title='bbox 1720 1866 1818 1930; x_wconf 87' lang='lat' dir='ltr'><strong>ipse</strong></span> <span class='ocrx_word' id='word_1_259' title='bbox 1846 1882 1944 1913; x_wconf 91' lang='lat' dir='ltr'><strong>non</strong></span> <span class='ocrx_word' id='word_1_260' title='bbox 1968 1866 2095 1912; x_wconf 76' lang='lat' dir='ltr'><strong>sacis.</strong></span> <span class='ocrx_word' id='word_1_261' title='bbox 2166 1866 2406 1912; x_wconf 85' lang='lat' dir='ltr'><strong>Sermola-</strong></span> 
     </span>
     <span class='ocr_line' id='line_1_31' title="bbox 376 1929 2403 1995; baseline 0 -15"><span class='ocrx_word' id='word_1_262' title='bbox 376 1933 582 1981; x_wconf 89' lang='lat' dir='ltr'><strong>cerdotis</strong></span> <span class='ocrx_word' id='word_1_263' title='bbox 606 1930 934 1993; x_wconf 77' lang='lat' dir='ltr'><strong>scripturarum</strong></span> <span class='ocrx_word' id='word_1_264' title='bbox 961 1929 1048 1976; x_wconf 82' lang='lat' dir='ltr'><strong>sale</strong></span> <span class='ocrx_word' id='word_1_265' title='bbox 1071 1932 1290 1977; x_wconf 89' lang='lat' dir='ltr'><strong>conditus</strong></span> <span class='ocrx_word' id='word_1_266' title='bbox 1312 1930 1376 1977; x_wconf 85' lang='lat' dir='ltr'><strong>fit.</strong></span> <span class='ocrx_word' id='word_1_267' title='bbox 1480 1931 1733 1995; x_wconf 89' lang='lat' dir='ltr'><strong>Loquente</strong></span> <span class='ocrx_word' id='word_1_268' title='bbox 1755 1933 1998 1980; x_wconf 84' lang='lat' dir='ltr'><strong>sacerdote</strong></span> <span class='ocrx_word' id='word_1_269' title='bbox 2021 1932 2068 1978; x_wconf 90' lang='lat' dir='ltr'><strong>in</strong></span> <span class='ocrx_word' id='word_1_270' title='bbox 2092 1930 2284 1978; x_wconf 80' lang='lat' dir='ltr'><strong>ecclelia</strong></span> <span class='ocrx_word' id='word_1_271' title='bbox 2304 1946 2403 1981; x_wconf 86' lang='lat' dir='ltr'><strong>non</strong></span> 
     </span>
     <span class='ocr_line' id='line_1_32' title="bbox 374 1994 2400 2063; baseline -0.001 -16"><span class='ocrx_word' id='word_1_272' title='bbox 374 1998 553 2050; x_wconf 88' lang='lat' dir='ltr'><strong>clamor</strong></span> <span class='ocrx_word' id='word_1_273' title='bbox 577 1997 766 2061; x_wconf 82' lang='lat' dir='ltr'><strong>populi,</strong></span> <span class='ocrx_word' id='word_1_274' title='bbox 802 1996 877 2042; x_wconf 92' lang='lat' dir='ltr'><strong>sed</strong></span> <span class='ocrx_word' id='word_1_275' title='bbox 900 1998 1104 2060; x_wconf 86' lang='lat' dir='ltr'><strong>gemitus</strong></span> <span class='ocrx_word' id='word_1_276' title='bbox 1128 1997 1380 2044; x_wconf 79' lang='lat' dir='ltr'><strong>suscitetur.</strong></span> <span class='ocrx_word' id='word_1_277' title='bbox 1448 1997 1689 2063; x_wconf 85' lang='lat' dir='ltr'><strong>Lacrymae</strong></span> <span class='ocrx_word' id='word_1_278' title='bbox 1704 2000 1972 2046; x_wconf 88' lang='lat' dir='ltr'><strong>auditorum</strong></span> <span class='ocrx_word' id='word_1_279' title='bbox 1986 1994 2270 2060; x_wconf 75' lang='lat' dir='ltr'><strong>laudes&#39;ejus</strong></span> <span class='ocrx_word' id='word_1_280' title='bbox 2285 1997 2400 2046; x_wconf 88' lang='lat' dir='ltr'><strong>sunt.</strong></span> 
     </span>
     <span class='ocr_line' id='line_1_33' title="bbox 371 2061 2399 2129; baseline -0.001 -15"><span class='ocrx_word' id='word_1_281' title='bbox 371 2065 534 2114; x_wconf 89' lang='lat' dir='ltr'><strong>Perdit</strong></span> <span class='ocrx_word' id='word_1_282' title='bbox 558 2063 888 2111; x_wconf 60' lang='lat' dir='ltr'><strong>auetoritatem</strong></span> <span class='ocrx_word' id='word_1_283' title='bbox 913 2064 1143 2120; x_wconf 79' lang='lat' dir='ltr'><strong>docendi,</strong></span> <span class='ocrx_word' id='word_1_284' title='bbox 1181 2061 1312 2126; x_wconf 87' lang='lat' dir='ltr'><strong>cujus</strong></span> <span class='ocrx_word' id='word_1_285' title='bbox 1337 2065 1485 2112; x_wconf 87' lang='lat' dir='ltr'><strong>sermo</strong></span> <span class='ocrx_word' id='word_1_286' title='bbox 1508 2081 1656 2129; x_wconf 90' lang='lat' dir='ltr'><strong>opere</strong></span> <span class='ocrx_word' id='word_1_287' title='bbox 1677 2066 1938 2114; x_wconf 82' lang='lat' dir='ltr'><strong>destruitur.</strong></span> <span class='ocrx_word' id='word_1_288' title='bbox 2044 2065 2272 2129; x_wconf 84' lang='lat' dir='ltr'><strong>Captatio</strong></span> <span class='ocrx_word' id='word_1_289' title='bbox 2294 2064 2399 2112; x_wconf 81' lang='lat' dir='ltr'><strong>artis</strong></span> 
     </span>
     <span class='ocr_line' id='line_1_34' title="bbox 374 2129 2398 2196; baseline -0.002 -15"><span class='ocrx_word' id='word_1_290' title='bbox 374 2132 655 2189; x_wconf 85' lang='lat' dir='ltr'><strong>est,docere</strong></span> <span class='ocrx_word' id='word_1_291' title='bbox 677 2131 867 2193; x_wconf 88' lang='lat' dir='ltr'><strong>quando</strong></span> <span class='ocrx_word' id='word_1_292' title='bbox 892 2129 987 2192; x_wconf 82' lang='lat' dir='ltr'><strong>ipse</strong></span> <span class='ocrx_word' id='word_1_293' title='bbox 1012 2129 1143 2176; x_wconf 65' lang='lat' dir='ltr'><strong>factis</strong></span> <span class='ocrx_word' id='word_1_294' title='bbox 1169 2131 1458 2193; x_wconf 77' lang='lat' dir='ltr'><strong>processeris.</strong></span> <span class='ocrx_word' id='word_1_295' title='bbox 1496 2132 1690 2180; x_wconf 86' lang='lat' dir='ltr'><strong>Latratu</strong></span> <span class='ocrx_word' id='word_1_296' title='bbox 1712 2147 1882 2179; x_wconf 86' lang='lat' dir='ltr'><strong>canum</strong></span> <span class='ocrx_word' id='word_1_297' title='bbox 1910 2131 2112 2192; x_wconf 79' lang='lat' dir='ltr'><strong>(scilicet</strong></span> <span class='ocrx_word' id='word_1_298' title='bbox 2129 2131 2398 2196; x_wconf 76' lang='lat' dir='ltr'><strong>praedicato·</strong></span> 
     </span>
     <span class='ocr_line' id='line_1_35' title="bbox 372 2195 2396 2263; baseline -0.002 -15"><span class='ocrx_word' id='word_1_299' title='bbox 372 2202 500 2260; x_wconf 80' lang='lat' dir='ltr'><strong>rum)</strong></span> <span class='ocrx_word' id='word_1_300' title='bbox 520 2196 784 2260; x_wconf 78' lang='lat' dir='ltr'><strong>baculoque</strong></span> <span class='ocrx_word' id='word_1_301' title='bbox 806 2195 1000 2260; x_wconf 84' lang='lat' dir='ltr'><strong>pastoris</strong></span> <span class='ocrx_word' id='word_1_302' title='bbox 1020 2196 1238 2260; x_wconf 87' lang='lat' dir='ltr'><strong>luporum</strong></span> <span class='ocrx_word' id='word_1_303' title='bbox 1262 2200 1410 2246; x_wconf 82' lang='lat' dir='ltr'><strong>rabies</strong></span> <span class='ocrx_word' id='word_1_304' title='bbox 1432 2199 1714 2246; x_wconf 85' lang='lat' dir='ltr'><strong>deterrenda</strong></span> <span class='ocrx_word' id='word_1_305' title='bbox 1744 2198 1823 2247; x_wconf 87' lang='lat' dir='ltr'><strong>est.</strong></span> <span class='ocrx_word' id='word_1_306' title='bbox 1868 2197 2192 2247; x_wconf 85' lang='lat' dir='ltr'><strong>Percufforem</strong></span> <span class='ocrx_word' id='word_1_307' title='bbox 2215 2197 2396 2263; x_wconf 80' lang='lat' dir='ltr'><strong>Episco-</strong></span> 
     </span>
     <span class='ocr_line' id='line_1_36' title="bbox 408 2265 2466 2333; baseline -0.001 -18"><span class='ocrx_word' id='word_1_308' title='bbox 408 2283 486 2315; x_wconf 90' lang='lat' dir='ltr'><strong>um</strong></span> <span class='ocrx_word' id='word_1_309' title='bbox 508 2266 582 2314; x_wconf 88' lang='lat' dir='ltr'><strong>ille</strong></span> <span class='ocrx_word' id='word_1_310' title='bbox 605 2267 921 2320; x_wconf 87' lang='lat' dir='ltr'><strong>condemnat,</strong></span> <span class='ocrx_word' id='word_1_311' title='bbox 937 2266 1015 2327; x_wconf 91' lang='lat' dir='ltr'><strong>qui</strong></span> <span class='ocrx_word' id='word_1_312' title='bbox 1036 2265 1221 2311; x_wconf 84' lang='lat' dir='ltr'><strong>dorsum</strong></span> <span class='ocrx_word' id='word_1_313' title='bbox 1245 2265 1371 2313; x_wconf 85' lang='lat' dir='ltr'><strong>suum</strong></span> <span class='ocrx_word' id='word_1_314' title='bbox 1395 2268 1532 2329; x_wconf 91' lang='lat' dir='ltr'><strong>ponit</strong></span> <span class='ocrx_word' id='word_1_315' title='bbox 1552 2268 1609 2314; x_wconf 82' lang='lat' dir='ltr'><strong>ad</strong></span> <span class='ocrx_word' id='word_1_316' title='bbox 1623 2265 1818 2330; x_wconf 84' lang='lat' dir='ltr'><strong>flagella.</strong></span> <span class='ocrx_word' id='word_1_317' title='bbox 2453 2294 2466 2333; x_wconf 67' lang='lat' dir='ltr'><strong>ff.</strong></span> 
     </span>
     <span class='ocr_line' id='line_1_37' title="bbox 416 2330 2465 2397; baseline -0.001 -14"><span class='ocrx_word' id='word_1_318' title='bbox 416 2331 792 2383; x_wconf 83' lang='lat' dir='ltr'><strong>AMBROSIUS.</strong></span> <span class='ocrx_word' id='word_1_319' title='bbox 809 2330 1191 2381; x_wconf 83' lang='lat' dir='ltr'><strong>Contumeliosus</strong></span> <span class='ocrx_word' id='word_1_320' title='bbox 1206 2331 1337 2388; x_wconf 66' lang='lat' dir='ltr'><strong>effi&amp;</strong></span> <span class='ocrx_word' id='word_1_321' title='bbox 1352 2334 1642 2381; x_wconf 85' lang='lat' dir='ltr'><strong>mendaciter</strong></span> <span class='ocrx_word' id='word_1_322' title='bbox 1655 2333 1905 2397; x_wconf 80' lang='lat' dir='ltr'><strong>arguit,qui</strong></span> <span class='ocrx_word' id='word_1_323' title='bbox 1918 2330 2254 2380; x_wconf 85' lang='lat' dir='ltr'><strong>contumeliam</strong></span> <span class='ocrx_word' id='word_1_324' title='bbox 2269 2330 2391 2380; x_wconf 82' lang='lat' dir='ltr'><strong>facit.</strong></span> <span class='ocrx_word' id='word_1_325' title='bbox 2451 2337 2465 2396; x_wconf 62' lang='lat' dir='ltr'><strong>l·</strong></span> 
     </span>
     <span class='ocr_line' id='line_1_38' title="bbox 425 2396 2454 2465; baseline 0.001 -17"><span class='ocrx_word' id='word_1_326' title='bbox 425 2400 818 2448; x_wconf 81' lang='lat' dir='ltr'><strong>GREGORIUS.</strong></span> <span class='ocrx_word' id='word_1_327' title='bbox 851 2399 944 2464; x_wconf 85' lang='lat' dir='ltr'><strong>Qi</strong></span> <span class='ocrx_word' id='word_1_328' title='bbox 960 2399 1203 2448; x_wconf 87' lang='lat' dir='ltr'><strong>caritatem</strong></span> <span class='ocrx_word' id='word_1_329' title='bbox 1226 2410 1392 2448; x_wconf 86' lang='lat' dir='ltr'><strong>contra</strong></span> <span class='ocrx_word' id='word_1_330' title='bbox 1406 2400 1602 2465; x_wconf 89' lang='lat' dir='ltr'><strong>alterum</strong></span> <span class='ocrx_word' id='word_1_331' title='bbox 1625 2417 1724 2448; x_wconf 88' lang='lat' dir='ltr'><strong>non</strong></span> <span class='ocrx_word' id='word_1_332' title='bbox 1739 2399 2238 2465; x_wconf 82' lang='lat' dir='ltr'><strong>habet,praedicatoris</strong></span> <span class='ocrx_word' id='word_1_333' title='bbox 2253 2396 2390 2446; x_wconf 83' lang='lat' dir='ltr'><strong>offici·</strong></span> <span class='ocrx_word' id='word_1_334' title='bbox 2450 2406 2454 2450; x_wconf 73' lang='grc' dir='ltr'><em>ἕ</em></span> 
     </span>
     <span class='ocr_line' id='line_1_39' title="bbox 371 2464 2471 2534; baseline 0 -19"><span class='ocrx_word' id='word_1_335' title='bbox 371 2484 453 2515; x_wconf 88' lang='lat' dir='ltr'><strong>um</strong></span> <span class='ocrx_word' id='word_1_336' title='bbox 473 2468 735 2516; x_wconf 87' lang='lat' dir='ltr'><strong>nullatenus</strong></span> <span class='ocrx_word' id='word_1_337' title='bbox 757 2469 970 2531; x_wconf 89' lang='lat' dir='ltr'><strong>accipere</strong></span> <span class='ocrx_word' id='word_1_338' title='bbox 985 2468 1142 2515; x_wconf 89' lang='lat' dir='ltr'><strong>debet.</strong></span> <span class='ocrx_word' id='word_1_339' title='bbox 1199 2470 1236 2515; x_wconf 84' lang='lat' dir='ltr'>U</span> <span class='ocrx_word' id='word_1_340' title='bbox 1245 2470 1310 2516; x_wconf 87' lang='lat' dir='ltr'><strong>sus</strong></span> <span class='ocrx_word' id='word_1_341' title='bbox 1334 2470 1510 2533; x_wconf 79' lang='lat' dir='ltr'><strong>quippe</strong></span> <span class='ocrx_word' id='word_1_342' title='bbox 1532 2467 1669 2516; x_wconf 66' lang='lat' dir='ltr'><strong>rectae</strong></span> <span class='ocrx_word' id='word_1_343' title='bbox 1690 2466 2004 2534; x_wconf 50' lang='lat' dir='ltr'><strong>perfectaeque</strong></span> <span class='ocrx_word' id='word_1_344' title='bbox 2026 2464 2389 2514; x_wconf 73' lang='lat' dir='ltr'><strong>conversationis</strong></span> <span class='ocrx_word' id='word_1_345' title='bbox 2448 2467 2471 2515; x_wconf 56' lang='grc' dir='ltr'><strong>,Ἰ</strong></span> 
     </span>
     <span class='ocr_line' id='line_1_40' title="bbox 350 2531 2462 2600; baseline -0.001 -19"><span class='ocrx_word' id='word_1_346' title='bbox 350 2535 463 2591; x_wconf 82' lang='lat' dir='ltr'><strong>-est,</strong></span> <span class='ocrx_word' id='word_1_347' title='bbox 497 2543 549 2582; x_wconf 90' lang='lat' dir='ltr'><strong>ut</strong></span> <span class='ocrx_word' id='word_1_348' title='bbox 571 2535 648 2599; x_wconf 90' lang='lat' dir='ltr'><strong>qui</strong></span> <span class='ocrx_word' id='word_1_349' title='bbox 674 2533 903 2598; x_wconf 68' lang='lat' dir='ltr'><strong>subjeetus</strong></span> <span class='ocrx_word' id='word_1_350' title='bbox 928 2533 1019 2581; x_wconf 83' lang='lat' dir='ltr'><strong>effe</strong></span> <span class='ocrx_word' id='word_1_351' title='bbox 1041 2550 1140 2582; x_wconf 91' lang='lat' dir='ltr'><strong>non</strong></span> <span class='ocrx_word' id='word_1_352' title='bbox 1164 2537 1347 2589; x_wconf 82' lang='lat' dir='ltr'><strong>didicit,</strong></span> <span class='ocrx_word' id='word_1_353' title='bbox 1367 2533 1553 2600; x_wconf 78' lang='lat' dir='ltr'><strong>praeesse</strong></span> <span class='ocrx_word' id='word_1_354' title='bbox 1575 2551 1674 2583; x_wconf 91' lang='lat' dir='ltr'><strong>non</strong></span> <span class='ocrx_word' id='word_1_355' title='bbox 1697 2538 1882 2582; x_wconf 82' lang='lat' dir='ltr'><strong>audeat.</strong></span> <span class='ocrx_word' id='word_1_356' title='bbox 1955 2533 2229 2583; x_wconf 86' lang='lat' dir='ltr'><strong>Praedicatio</strong></span> <span class='ocrx_word' id='word_1_357' title='bbox 2254 2532 2389 2580; x_wconf 88' lang='lat' dir='ltr'><strong>sacer·</strong></span> <span class='ocrx_word' id='word_1_358' title='bbox 2447 2531 2462 2594; x_wconf 41' lang='grc' dir='ltr'><strong>ᾗ*</strong></span> 
     </span>
     <span class='ocr_line' id='line_1_41' title="bbox 371 2599 2471 2667; baseline -0.002 -19"><span class='ocrx_word' id='word_1_359' title='bbox 371 2603 496 2648; x_wconf 87' lang='lat' dir='ltr'><strong>dotis</strong></span> <span class='ocrx_word' id='word_1_360' title='bbox 518 2603 737 2666; x_wconf 90' lang='lat' dir='ltr'><strong>operibus</strong></span> <span class='ocrx_word' id='word_1_361' title='bbox 762 2601 1082 2649; x_wconf 82' lang='lat' dir='ltr'><strong>confirmanda</strong></span> <span class='ocrx_word' id='word_1_362' title='bbox 1097 2636 1111 2658; x_wconf 89' lang='lat'><strong>,</strong></span> <span class='ocrx_word' id='word_1_363' title='bbox 1134 2603 1226 2660; x_wconf 83' lang='lat' dir='ltr'><strong>est,</strong></span> <span class='ocrx_word' id='word_1_364' title='bbox 1261 2611 1410 2667; x_wconf 85' lang='lat' dir='ltr'><strong>utque</strong></span> <span class='ocrx_word' id='word_1_365' title='bbox 1436 2604 1590 2651; x_wconf 84' lang='lat' dir='ltr'><strong>verbis</strong></span> <span class='ocrx_word' id='word_1_366' title='bbox 1613 2601 1986 2659; x_wconf 87' lang='lat' dir='ltr'><strong>docet,instruat</strong></span> <span class='ocrx_word' id='word_1_367' title='bbox 2009 2599 2252 2663; x_wconf 74' lang='lat' dir='ltr'><strong>exemplis.</strong></span> <span class='ocrx_word' id='word_1_368' title='bbox 2275 2599 2388 2645; x_wconf 85' lang='lat' dir='ltr'><strong>Sunt</strong></span> <span class='ocrx_word' id='word_1_369' title='bbox 2446 2600 2449 2664; x_wconf 65' lang='grc' dir='ltr'><em>ζ</em></span> <span class='ocrx_word' id='word_1_370' title='bbox 2460 2614 2471 2667; x_wconf 57' lang='lat'><strong>4·-</strong></span> 
     </span>
     <span class='ocr_line' id='line_1_42' title="bbox 371 2665 2471 2739; baseline -0.002 -25"><span class='ocrx_word' id='word_1_371' title='bbox 371 2667 610 2734; x_wconf 85' lang='lat' dir='ltr'><strong>plerique,</strong></span> <span class='ocrx_word' id='word_1_372' title='bbox 649 2670 952 2732; x_wconf 82' lang='lat' dir='ltr'><strong>quitemere,</strong></span> <span class='ocrx_word' id='word_1_373' title='bbox 987 2670 1118 2733; x_wconf 88' lang='lat' dir='ltr'><strong>quod</strong></span> <span class='ocrx_word' id='word_1_374' title='bbox 1151 2687 1249 2717; x_wconf 91' lang='lat' dir='ltr'><strong>non</strong></span> <span class='ocrx_word' id='word_1_375' title='bbox 1281 2671 1546 2718; x_wconf 86' lang='lat' dir='ltr'><strong>didicerunt</strong></span> <span class='ocrx_word' id='word_1_376' title='bbox 1572 2672 1746 2717; x_wconf 90' lang='lat' dir='ltr'><strong>docere</strong></span> <span class='ocrx_word' id='word_1_377' title='bbox 1769 2670 2077 2734; x_wconf 81' lang='lat' dir='ltr'><strong>praesumunt,</strong></span> <span class='ocrx_word' id='word_1_378' title='bbox 2107 2667 2184 2730; x_wconf 89' lang='lat' dir='ltr'><strong>qui</strong></span> <span class='ocrx_word' id='word_1_379' title='bbox 2208 2665 2386 2730; x_wconf 80' lang='lat' dir='ltr'><strong>pondus</strong></span> <span class='ocrx_word' id='word_1_380' title='bbox 2444 2666 2471 2739; x_wconf 34' lang='grc' dir='ltr'><strong>ξι]</strong></span> 
     </span>
     <span class='ocr_line' id='line_1_43' title="bbox 369 2733 2471 2801; baseline -0.003 -19"><span class='ocrx_word' id='word_1_381' title='bbox 369 2734 618 2798; x_wconf 81' lang='lat' dir='ltr'><strong>magisterii</strong></span> <span class='ocrx_word' id='word_1_382' title='bbox 655 2743 790 2782; x_wconf 86' lang='lat' dir='ltr'><strong>tanto</strong></span> <span class='ocrx_word' id='word_1_383' title='bbox 821 2736 967 2784; x_wconf 86' lang='lat' dir='ltr'><strong>levius</strong></span> <span class='ocrx_word' id='word_1_384' title='bbox 989 2736 1253 2785; x_wconf 78' lang='lat' dir='ltr'><strong>existimant</strong></span> <span class='ocrx_word' id='word_1_385' title='bbox 1284 2766 1296 2788; x_wconf 80' lang='lat'>‚</span> <span class='ocrx_word' id='word_1_386' title='bbox 1345 2746 1524 2801; x_wconf 87' lang='lat' dir='ltr'><strong>quanto</strong></span> <span class='ocrx_word' id='word_1_387' title='bbox 1549 2738 1646 2784; x_wconf 88' lang='lat' dir='ltr'><strong>vim</strong></span> <span class='ocrx_word' id='word_1_388' title='bbox 1668 2735 1999 2799; x_wconf 81' lang='lat' dir='ltr'><strong>magnitudinis</strong></span> <span class='ocrx_word' id='word_1_389' title='bbox 2021 2733 2135 2781; x_wconf 89' lang='lat' dir='ltr'><strong>illius</strong></span> <span class='ocrx_word' id='word_1_390' title='bbox 2157 2735 2396 2796; x_wconf 79' lang='lat' dir='ltr'><strong>ignorant..</strong></span> <span class='ocrx_word' id='word_1_391' title='bbox 2442 2747 2471 2793; x_wconf 21' lang='lat' dir='ltr'><strong>y:</strong></span> 
     </span>
     <span class='ocr_line' id='line_1_44' title="bbox 370 2796 2470 2867; baseline -0.003 -18"><span class='ocrx_word' id='word_1_392' title='bbox 370 2802 580 2857; x_wconf 84' lang='lat' dir='ltr'><strong>Tantum</strong></span> <span class='ocrx_word' id='word_1_393' title='bbox 604 2799 838 2849; x_wconf 55' lang='lat' dir='ltr'><strong>athonem</strong></span> <span class='ocrx_word' id='word_1_394' title='bbox 863 2804 1026 2867; x_wconf 86' lang='lat' dir='ltr'><strong>populi</strong></span> <span class='ocrx_word' id='word_1_395' title='bbox 1050 2805 1380 2851; x_wconf 81' lang='lat' dir='ltr'><strong>transcendere</strong></span> <span class='ocrx_word' id='word_1_396' title='bbox 1405 2802 1527 2851; x_wconf 63' lang='lat' dir='ltr'><strong>aestio</strong></span> <span class='ocrx_word' id='word_1_397' title='bbox 1548 2805 1692 2850; x_wconf 90' lang='lat' dir='ltr'><strong>debet</strong></span> <span class='ocrx_word' id='word_1_398' title='bbox 1713 2801 1938 2855; x_wconf 84' lang='lat' dir='ltr'><strong>Praesulis,</strong></span> <span class='ocrx_word' id='word_1_399' title='bbox 1976 2807 2203 2865; x_wconf 87' lang='lat' dir='ltr'><strong>quantum</strong></span> <span class='ocrx_word' id='word_1_400' title='bbox 2225 2796 2382 2847; x_wconf 85' lang='lat' dir='ltr'><strong>distare</strong></span> <span class='ocrx_word' id='word_1_401' title='bbox 2440 2808 2444 2865; x_wconf 53' lang='grc' dir='ltr'><strong>,ί</strong></span> <span class='ocrx_word' id='word_1_402' title='bbox 2464 2818 2470 2856; x_wconf 63' lang='lat'><em>3</em></span> 
     </span>
     <span class='ocr_line' id='line_1_45' title="bbox 369 2863 2471 2937; baseline -0.004 -21"><span class='ocrx_word' id='word_1_403' title='bbox 369 2868 488 2916; x_wconf 89' lang='lat' dir='ltr'><strong>solet</strong></span> <span class='ocrx_word' id='word_1_404' title='bbox 509 2869 604 2930; x_wconf 84' lang='lat' dir='ltr'><strong>vita</strong></span> <span class='ocrx_word' id='word_1_405' title='bbox 629 2867 820 2931; x_wconf 88' lang='lat' dir='ltr'><strong>pastoris</strong></span> <span class='ocrx_word' id='word_1_406' title='bbox 842 2870 866 2916; x_wconf 74' lang='lat' dir='ltr'><strong>a</strong></span> <span class='ocrx_word' id='word_1_407' title='bbox 894 2872 1044 2934; x_wconf 77' lang='lat' dir='ltr'><strong>Rege.</strong></span> <span class='ocrx_word' id='word_1_408' title='bbox 1151 2872 1247 2937; x_wconf 80' lang='lat' dir='ltr'><strong>Qi</strong></span> <span class='ocrx_word' id='word_1_409' title='bbox 1270 2873 1396 2918; x_wconf 88' lang='lat' dir='ltr'><strong>enim</strong></span> <span class='ocrx_word' id='word_1_410' title='bbox 1419 2871 1577 2918; x_wconf 85' lang='lat' dir='ltr'><strong>locum</strong></span> <span class='ocrx_word' id='word_1_411' title='bbox 1598 2869 1942 2934; x_wconf 69' lang='lat' dir='ltr'><strong>praedicationis</strong></span> <span class='ocrx_word' id='word_1_412' title='bbox 1968 2868 2182 2931; x_wconf 88' lang='lat' dir='ltr'><strong>suscipit,</strong></span> <span class='ocrx_word' id='word_1_413' title='bbox 2218 2863 2384 2912; x_wconf 85' lang='lat' dir='ltr'><strong>malum</strong></span> <span class='ocrx_word' id='word_1_414' title='bbox 2440 2878 2441 2882; x_wconf 49' lang='lat'>¹</span> <span class='ocrx_word' id='word_1_415' title='bbox 2463 2879 2471 2907; x_wconf 65' lang='lat' dir='ltr'>a</span> 
     </span>
     <span class='ocr_line' id='line_1_46' title="bbox 369 2929 2384 3002; baseline -0.004 -20"><span class='ocrx_word' id='word_1_416' title='bbox 369 2935 542 2983; x_wconf 87' lang='lat' dir='ltr'><strong>inferre</strong></span> <span class='ocrx_word' id='word_1_417' title='bbox 566 2950 664 2981; x_wconf 91' lang='lat' dir='ltr'><strong>non</strong></span> <span class='ocrx_word' id='word_1_418' title='bbox 680 2936 821 2982; x_wconf 88' lang='lat' dir='ltr'><strong>debet</strong></span> <span class='ocrx_word' id='word_1_419' title='bbox 844 2937 918 2982; x_wconf 87' lang='lat' dir='ltr'><strong>sed</strong></span> <span class='ocrx_word' id='word_1_420' title='bbox 936 2937 1135 2984; x_wconf 87' lang='lat' dir='ltr'><strong>tolerare</strong></span> <span class='ocrx_word' id='word_1_421' title='bbox 1150 2971 1164 2994; x_wconf 88' lang='lat'><strong>,</strong></span> <span class='ocrx_word' id='word_1_422' title='bbox 1199 2947 1250 2986; x_wconf 85' lang='lat' dir='ltr'><strong>ut</strong></span> <span class='ocrx_word' id='word_1_423' title='bbox 1271 2954 1330 2985; x_wconf 76' lang='lat' dir='ltr'><strong>ex</strong></span> <span class='ocrx_word' id='word_1_424' title='bbox 1350 2937 1443 3002; x_wconf 84' lang='lat' dir='ltr'><strong>ipsa</strong></span> <span class='ocrx_word' id='word_1_425' title='bbox 1471 2938 1544 2985; x_wconf 82' lang='lat' dir='ltr'><strong>sua</strong></span> <span class='ocrx_word' id='word_1_426' title='bbox 1567 2936 1873 2983; x_wconf 86' lang='lat' dir='ltr'><strong>amaritudine</strong></span> <span class='ocrx_word' id='word_1_427' title='bbox 1894 2937 1958 2983; x_wconf 86' lang='lat' dir='ltr'><strong>ira</strong></span> <span class='ocrx_word' id='word_1_428' title='bbox 1972 2929 2384 2983; x_wconf 83' lang='lat' dir='ltr'><strong>saevientiummiti·</strong></span> 
     </span>
     <span class='ocr_line' id='line_1_47' title="bbox 366 2997 2471 3069; baseline -0.002 -20"><span class='ocrx_word' id='word_1_429' title='bbox 366 3009 532 3067; x_wconf 85' lang='lat' dir='ltr'><strong>getur‚</strong></span> <span class='ocrx_word' id='word_1_430' title='bbox 568 3001 617 3051; x_wconf 74' lang='grc' dir='ltr'><strong>ὃς</strong></span> <span class='ocrx_word' id='word_1_431' title='bbox 639 3010 946 3065; x_wconf 87' lang='lat' dir='ltr'><strong>peccatorum</strong></span> <span class='ocrx_word' id='word_1_432' title='bbox 959 3003 1151 3051; x_wconf 86' lang='lat' dir='ltr'><strong>vulnera</strong></span> <span class='ocrx_word' id='word_1_433' title='bbox 1177 3007 1223 3052; x_wconf 90' lang='lat' dir='ltr'><strong>in</strong></span> <span class='ocrx_word' id='word_1_434' title='bbox 1238 3005 1334 3054; x_wconf 85' lang='lat' dir='ltr'><strong>aliis</strong></span> <span class='ocrx_word' id='word_1_435' title='bbox 1349 3004 1444 3069; x_wconf 89' lang='lat' dir='ltr'><strong>ipse</strong></span> <span class='ocrx_word' id='word_1_436' title='bbox 1457 3001 1780 3051; x_wconf 70' lang='lat' dir='ltr'><strong>affliffionibus</strong></span> <span class='ocrx_word' id='word_1_437' title='bbox 1799 3001 2070 3050; x_wconf 88' lang='lat' dir='ltr'><strong>vulneratus</strong></span> <span class='ocrx_word' id='word_1_438' title='bbox 2093 3000 2251 3061; x_wconf 76' lang='lat' dir='ltr'><strong>sanet.</strong></span> <span class='ocrx_word' id='word_1_439' title='bbox 2270 2997 2383 3043; x_wconf 88' lang='lat' dir='ltr'><strong>Sunt</strong></span> <span class='ocrx_word' id='word_1_440' title='bbox 2463 3012 2471 3035; x_wconf 70' lang='lat'><em>2</em></span> 
     </span>
    </p>
   </div>
   <div class='ocr_carea' id='block_1_4' title="bbox 367 3065 2435 3179">
    <p class='ocr_par' dir='ltr' id='par_1_4' title="bbox 367 3065 2435 3179">
     <span class='ocr_line' id='line_1_48' title="bbox 367 3065 2384 3176; baseline -0.002 -60"><span class='ocrx_word' id='word_1_441' title='bbox 367 3066 610 3127; x_wconf 86' lang='lat' dir='ltr'><strong>nonnulli,</strong></span> <span class='ocrx_word' id='word_1_442' title='bbox 632 3069 713 3132; x_wconf 89' lang='lat' dir='ltr'><strong>qui</strong></span> <span class='ocrx_word' id='word_1_443' title='bbox 735 3067 905 3116; x_wconf 83' lang='lat' dir='ltr'><strong>sollerti</strong></span> <span class='ocrx_word' id='word_1_444' title='bbox 929 3083 1040 3116; x_wconf 81' lang='lat' dir='ltr'><strong>cura</strong></span> <span class='ocrx_word' id='word_1_445' title='bbox 1084 3070 1344 3119; x_wconf 80' lang='lat' dir='ltr'><strong>scrutantur</strong></span> <span class='ocrx_word' id='word_1_446' title='bbox 1365 3069 1626 3135; x_wconf 72' lang='lat' dir='ltr'><strong>spiritualia</strong></span> <span class='ocrx_word' id='word_1_447' title='bbox 1649 3100 1663 3128; x_wconf 87' lang='lat'><strong>,</strong></span> <span class='ocrx_word' id='word_1_448' title='bbox 1698 3069 1773 3116; x_wconf 89' lang='lat' dir='ltr'><strong>sed</strong></span> <span class='ocrx_word' id='word_1_449' title='bbox 1796 3083 1896 3132; x_wconf 83' lang='lat' dir='ltr'><strong>quae</strong></span> <span class='ocrx_word' id='word_1_450' title='bbox 1918 3065 2384 3176; x_wconf 51' lang='lat' dir='ltr'><strong>intelligendotpeng·</strong></span> 
     </span>
     <span class='ocr_line' id='line_1_49' title="bbox 2254 3141 2435 3179; baseline 0 -5"><span class='ocrx_word' id='word_1_451' title='bbox 2254 3143 2334 3175; x_wconf 85' lang='lat' dir='ltr'><strong>ran</strong></span> <span class='ocrx_word' id='word_1_452' title='bbox 2367 3154 2380 3179; x_wconf 71' lang='lat'><em>2</em></span> <span class='ocrx_word' id='word_1_453' title='bbox 2434 3141 2435 3146; x_wconf 52' lang='lat'>¹</span> 
     </span>
    </p>
   </div>
  </div>
 </body>
</html>
