2471 3463
38 188 42 193 ’
111 187 740 280 2.Cap.stebenbeQ3eplage0
943 210 1048 257 von
1069 201 1497 260 SePetrizzrrcbe.
1780 280 1783 288 Ι
1969 175 1976 177 ’
2101 178 2107 181 “
2154 225 2244 274 103
2286 185 2298 194 ’

2034 291 2089 299 ‘nn'-

48 333 354 391 facientibus,
377 332 515 388 erunt
526 328 689 395 rejetti
714 330 1045 378 afraternitate
1060 329 1241 387 nostra,
1261 340 1350 378 nec
1363 347 1459 378 non
1472 332 1498 377 a
1513 337 1818 397 perceptione
1843 336 2069 383 luminum
2096 339 2143 386 ὅ(
2164 354 2241 401 pa-

44 400 160 448 num
186 398 351 447 seclufi.
419 402 493 447 Ac
515 399 602 445 alia
622 397 783 445 nostro
809 397 1054 445 Confratri
1075 397 1346 460 hujusmodi
1368 400 1636 445 concordiae
1659 400 2008 465 obtemperanti
2033 404 2244 452 conciliis

26 467 103 519 ,ὃς
121 465 299 515 anxiliis
313 466 508 515 sollicite
530 464 752 530 volumus
770 464 819 515 ὃ(
841 465 1066 512 debemus
1082 461 1199 512 sscum
1232 463 1408 513 effeetu
1430 467 1683 514 adhaerere.

707 567 773 609 De
791 566 1046 621 Juramento
1062 542 1242 626 praestito
1264 562 1316 609 ὕ
1331 564 1573 628 prestando.

241 663 362 709 Item
376 695 390 718 ,
424 667 479 708 ut
500 659 690 724 praefata
710 658 975 706 fraternitas
997 675 1052 706 ac
1071 657 1724 722 liujusmodissconstitutiones
1744 661 1794 712 &
1814 663 2133 731 ordinationes
2152 677 2242 710 nec

41 743 144 776 non
179 727 266 776 alia
289 728 551 793 praescripta
579 726 740 777 insuo
761 727 937 773 robore
966 733 1107 790 atque
1132 726 1363 791 perpetua
1396 727 1623 794 firmaque
1651 729 1897 778 stabilitate
1931 739 2204 795 permaneat
2224 761 2238 786 ,

41 797 237 860 expedit
258 796 307 844 ὃς
331 795 627 849 conveniens
642 792 735 850 est,
765 808 853 840 nos
881 792 1130 856 aliquando
1154 795 1732 861 temporibusopoturnis
1752 798 1810 844 de
1829 797 2055 862 praedit&
2079 798 2245 849 frater-·

0 892 8 895 -
40 863 201 910 nitatis
224 862 595 909 ordinationibus
617 893 632 917 ,
675 859 1196 914 constitutionibusnec
1227 878 1328 910 non
1357 863 1416 909 de
1438 865 1577 912 certis
1611 863 1708 912 aliis
1730 866 1934 929 negotiis
1953 863 2116 912 nostris
2139 879 2240 928 per-

40 929 161 976 sonis
185 918 323 976 rebus
355 944 410 976 ac
442 927 681 974 memoriis
704 928 1060 974 occurrentibus
1086 927 1135 977 &
1158 931 1585 988 concernentibus,
1605 932 1662 978 ad
1685 931 2003 996 loquendum,
2038 929 2239 979 trattan-

41 995 155 1042 dum
178 1011 232 1043 ac
257 993 631 1044 conversandum
651 995 856 1042 invicem
883 995 1159 1042 convenire.
1198 1008 1199 1012 ’
1229 997 1473 1063 Qodque
1497 999 1608 1063 quid
1629 1001 1677 1046 in
1703 999 1973 1062 hujusmodi
2003 1013 2240 1047 convoca-

39 1063 247 1111 tionibus
269 1077 324 1109 ac
346 1061 780 1109 conversationibus
811 1060 968 1108 multae
1001 1062 1348 1126 disputationes
1368 1064 1445 1111 seu
1476 1066 1884 1114 confabulationes
1914 1083 2000 1132 pro
2034 1066 2237 1130 negotiis

17 1127 286 1177 ‘trafitandis
309 1135 604 1176 exercentur.
675 1128 721 1174 Si
757 1142 857 1192 quae
893 1129 952 1175 ad
985 1143 1118 1176 aures
1142 1128 1403 1178 alienorum
1425 1134 1728 1196 pervenirent
1750 1135 1919 1181 exinde
1952 1135 2110 1181 odium
2137 1148 2237 1196 per-

36 1203 237 1261 petuum
254 1228 269 1253 ,
302 1196 436 1253 rixae,
458 1195 589 1254 lites,
627 1196 964 1243 contentiones
985 1229 999 1254 ‚
1022 1197 1193 1245 damna
1210 1198 1507 1262 inportabilia
1533 1199 1719 1265 poffent
1740 1202 1848 1249 oriri
1873 1235 1887 1259 ‚
1925 1217 2039 1265 ergo
2063 1202 2120 1248 ad
2143 1198 2236 1246 tale

33 1262 297 1328 periculum
321 1264 622 1321 evitandum,
659 1262 708 1312 &
731 1278 792 1310 ne
815 1262 991 1310 secreta
1014 1263 1170 1311 nostra
1194 1265 1520 1329 divulgentur‚
1553 1269 1629 1314 sed
1659 1268 1846 1316 occulta
1869 1267 2237 1333 permaneant&

35 1330 293 1378 serventur.
360 1331 464 1378 Nos
488 1329 667 1393 praefati
687 1330 989 1377 Hermannus
1013 1330 1245 1395 Ostingh,
1281 1333 1520 1381 Arnoldus
1544 1335 1837 1391 Veltberch‚
1870 1352 1960 1382 nec
1981 1352 2078 1400 non
2102 1334 2237 1399 quili-

33 1397 120 1443 bet
138 1391 347 1442 nostrum
371 1396 726 1459 praenomitatus
752 1394 971 1458 perrefita
991 1412 1133 1443 manu
1159 1399 1218 1443 ad
1245 1397 1410 1460 pettus
1433 1401 1577 1457 dixit,
1615 1402 1665 1450 ὅ(
1686 1403 1744 1449 ad
1766 1403 1888 1449 sacra
1910 1404 2010 1449 DEI
2024 1404 2233 1466 Evange-

32 1461 104 1514 lias
108 1459 287 1524 juravit
309 1494 326 1517 a.
361 1477 421 1509 ne
445 1460 719 1524 hujusmodi
743 1462 917 1508 secreta
938 1463 986 1508 in
1008 1462 1437 1513 convocationibus
1463 1465 1659 1515 tra&ata
1679 1468 1729 1517 ὅ(
1746 1477 1929 1516 narrata
1951 1503 1965 1526 .‚
2003 1469 2141 1517 alicui
2172 1471 2232 1516 de

32 1529 219 1592 gremio
242 1527 402 1576 nostro
427 1543 525 1575 non
549 1526 789 1585 existenti,
827 1528 1016 1576 occulte
1036 1536 1116 1576 aut
1136 1529 1380 1578 manifeste
1403 1531 1519 1581 velit
1543 1533 1673 1597 figno
1695 1543 1776 1582 aut
1795 1538 1945 1584 verbo
1969 1535 2227 1600 divulgare.

30 1595 92 1642 Et
116 1594 145 1641 fi
167 1595 267 1660 quis
290 1595 467 1642 secreta
486 1595 535 1641 in
557 1595 987 1643 convocationibus
1010 1595 1174 1644 nostris
1200 1596 1397 1645 tra&ata
1418 1607 1500 1646 aut
1520 1609 1705 1648 narrata
1716 1601 1975 1659 revelaret,
2001 1611 2081 1650 aut
2102 1602 2145 1650 se
2157 1603 2234 1651 fri-

30 1660 144 1710 vole
168 1676 224 1709 ac
247 1668 472 1724 proterve
504 1661 530 1707 a
554 1661 985 1709 convocationibus
1016 1661 1182 1710 nostris
1216 1664 1481 1712 absentaret
1509 1666 1611 1714 talis
1641 1669 1851 1732 reputari
1872 1670 2015 1717 debet
2037 1685 2092 1717 ac
2115 1670 2144 1717 fi
2170 1671 2230 1717 de

28 1727 214 1792 gremio
233 1727 534 1776 &consortio
555 1726 721 1774 nostrae
744 1727 1049 1774 fraternitatis
1074 1744 1173 1776 non
1196 1730 1260 1777 fit.
1331 1731 1569 1780 Volumus
1582 1742 1740 1784 autem
1763 1735 1910 1785 &nos
1922 1737 2101 1785 Vicarii
2124 1746 2234 1785 ante

30 1794 142 1842 didi
162 1794 212 1843 &
240 1791 541 1843 concorditer
574 1793 815 1842 statuimus
849 1803 904 1842 ut
925 1794 1119 1858 quilibet
1140 1797 1200 1843 de
1233 1796 1568 1855 successoribus
1604 1817 1658 1849 ac
1682 1802 1875 1867 posteris
1911 1802 2074 1853 nostris
2099 1812 2229 1854 ante·
2287 1824 2289 1830 ’

33 1865 175 1926 quam
197 1861 255 1909 ad
274 1862 506 1926 gremium
528 1860 696 1909 nostrae
717 1861 1022 1912 fraternitatis
1041 1864 1294 1929 recipiatur
1318 1898 1332 1923 ,
1368 1866 1416 1916 ὃ(
1441 1868 1499 1915 ad
1523 1884 1671 1934 panes
1694 1869 1744 1921 δε
1763 1870 1939 1920 lumina
1956 1873 2245 1922 admittatur·

8 1957 17 1959 e
28 1928 154 1978 idem
176 1928 362 1994 praestet
373 1927 715 1994 juramentum.

739 2024 805 2068 De
827 2023 1074 2081 juramenta
1110 2015 1505 2089 trcmsgreffla-ibus.>

225 2123 345 2179 Item
363 2156 377 2180 ,
414 2123 446 2170 fi
468 2124 568 2189 quis
591 2124 698 2173 ausu
731 2125 984 2174 temerario
1008 2160 1023 2185 ‚
1054 2127 1182 2175 Deus
1205 2137 1390 2177 avertat
1412 2164 1427 2187 ,
1474 2129 1552 2181 vel
1585 2130 1745 2180 illicita
1773 2134 2102 2198 praesumtione
2135 2135 2222 2184 suae

26 2189 229 2251 propriae
254 2189 404 2236 salutis
426 2192 680 2239 immemor
698 2191 971 2255 hujusmodi
984 2190 1308 2256 juramentum
1330 2213 1429 2245 non
1450 2200 1680 2257 advertet,
1693 2201 1742 2249 <Sc
1764 2201 1941 2248 secreta
1962 2201 2224 2257 nostrarum

28 2257 432 2304 convocationum
467 2273 527 2305 ex
556 2266 686 2306 certa
709 2260 896 2308 scientia
920 2293 935 2318 ,
973 2262 1084 2316 odio
1109 2261 1186 2311 vel
1209 2277 1316 2311 cum
1342 2263 1535 2313 levitate
1556 2299 1571 2322 ‚
1616 2267 1693 2313 seu
1716 2267 2064 2316 inadvertentia
2087 2270 2224 2319 alicui

27 2326 339 2387 ‘praeterquam
359 2325 418 2371 de
441 2324 616 2373 nostris
630 2326 961 2376 Confratribus
986 2328 1220 2378 revelaret
1240 2347 1256 2391 ς
1299 2331 1428 2379 Idem
1462 2348 1549 2396 pro
1579 2331 1688 2379 fidei
1706 2332 1942 2381 violatore
1965 2335 2222 2395 habeatur,
2246 2375 2249 2377 -

25 2402 118 2435 nec
138 2404 239 2435 non
257 2387 510 2452 juramenti
532 2390 866 2457 transgressore
889 2402 1108 2444 teneatur
1129 2430 1145 2455 .,
1182 2396 1232 2446 ὅ(
1259 2398 1285 2444 a
1305 2399 1542 2445 consortio
1576 2399 1626 2447 ὃς
1643 2402 2017 2464 congregatione
2041 2419 2225 2468 peram-

25 2451 145 2517 plius
160 2453 429 2513 seclulatur,
464 2473 519 2504 ac
541 2462 793 2522 panum&
812 2461 1109 2511 candelarum
1130 2467 1444 2528 perceptione
1465 2465 1689 2528 privetur.
1720 2467 1778 2514 Et
1791 2483 1852 2515 ne
1867 2470 1967 2532 quis
1987 2486 2074 2535 per
2092 2473 2225 2539 igno-

22 2520 224 2567 rantiam
242 2520 287 2568 se
310 2523 528 2580 excuset,
566 2525 1116 2587 praedi&ae‘fraternitatis
1138 2529 1497 2579 constitutiones
1521 2533 1570 2582 ὃς
1588 2534 1911 2583 ordinationes
1935 2536 2117 2602 singulis
2141 2558 2220 2590 an·
2295 2538 2304 2546 ²

27 2587 100 2634 nis
131 2587 310 2639 totiens
345 2590 924 2653 quotiens-Confratribus
955 2594 1120 2656 nostris
1150 2594 1379 2659 placuerit
1398 2599 1588 2649 debent
1620 2600 1863 2666 publicari.
1966 2603 2088 2654 Acta
2121 2608 2225 2659 sunt

23 2650 124 2703 haec
150 2655 198 2701 in
229 2651 347 2721 saepe
379 2655 502 2706 dicta
521 2657 721 2706 Ecclesia
754 2660 820 2707 St.
844 2659 973 2708 Petri
997 2677 1121 2709 anno
1149 2663 1176 2708 a
1198 2664 1462 2714 Nativitate
1485 2667 1683 2716 Domini
1716 2669 1964 2720 Millefimo
2002 2677 2217 2738 quadrin-
2265 2682 2267 2684 ’

24 2720 283 2782 gentefimo
304 2724 687 2790 quinquagesimo
709 2727 853 2775 tertio
876 2726 980 2792 post
1005 2728 1446 2795 Qafimodogeniti
1466 2768 1482 2797 ‚
1528 2735 1579 2787 ὃ(
1608 2743 1723 2791 tunc
1745 2754 1925 2803 panum
1957 2740 2216 2795 distributio

27 2799 115 2853 per
135 2787 337 2841 vicari-os
358 2791 543 2845 nostros
560 2793 823 2850 ametimos
843 2796 1003 2862 primo·
1029 2796 1119 2850 fuit
1138 2797 1381 2850 inchoata.

2027 3097 2075 3165 6
2118 3090 2216 3166 [j-
