2471 3463
20 269 23 270 γ
87 215 134 249 2.
149 197 266 262 Cap.
294 193 475 256 siebenbe
497 189 713 256 Qevlasseo
971 198 1076 244 von
1110 189 1176 238 St.
1199 188 1326 237 Petri
1345 186 1538 248 Rircfie.
2066 194 2069 200 “
2114 203 2207 252 431

396 304 510 353 Bibl.
532 305 725 353 Patrum
747 306 901 372 Lugd,
1470 302 1592 347 MSt.
1618 300 1793 346 Petrin.
1816 302 1988 349 Hamb·

182 381 338 440 partes
365 373 731 436 evangelizantis
979 400 999 412 -
1271 377 1456 434 partem
1478 365 1860 429 evangelizantis.

183 444 352 488 domus
389 448 478 487 tuae
504 442 628 487 Deus
651 441 862 489 comedit
1045 459 1072 497 v-
1274 437 1443 482 domus
1467 442 1557 480 tuae
1591 433 1817 486 comedit.

106 512 112 514 ”
170 500 327 557 ‘verba
348 515 428 555 tua
452 508 626 554 inimici
650 509 720 555 tui
1026 529 1044 539 -
1271 501 1419 549 verba
1442 507 1524 546 tua
1545 499 1722 547 inimici
1743 500 1852 548 mei.

183 590 285 639 quae
308 576 357 621 in
382 574 801 622 conculcationem
905 612 908 615 .
1053 594 1071 605 -
1273 581 1375 631 quae
1399 568 1447 613 in
1481 566 1840 614 desolationem.
1921 588 1924 589 ⁷

95 669 97 674 ·
183 642 348 689 civitas
371 640 661 688 Hierusalem
686 641 784 690 noli
808 639 922 689 flere
1174 659 1193 668 -
1274 634 1373 681 noli
1398 632 1526 681 flere·
1875 670 1878 673 »

181 709 305 755 inter
323 709 452 755 initia
480 707 714 756 unctionis
913 729 932 737 -
1181 731 1199 740 -
1266 702 1389 748 inter
1410 701 1619 748 recentia
1639 698 1874 749 unctionis

181 775 421 839 Scriptura
443 774 636 822 testatur
885 800 903 810 -
1124 816 1128 819 ,
1171 793 1192 808 -
1263 768 1501 832 Scriptura
1535 759 1872 816 sacra'testatur

182 843 313 906 quod
338 857 455 889 unus
485 842 720 889 moriatur
972 867 989 876 -
1192 860 1211 868 -
1266 842 1320 882 ut
1353 850 1469 882 unus
1495 836 1724 882 moriatur

182 923 272 955 nec
293 907 501 955 Ecclefiae
523 906 793 955 reverentia
946 943 948 947 s
995 920 1010 935 ⁴
1117 959 1125 964 .,
1184 928 1204 940 -
1270 917 1359 949 nec
1383 902 1591 949 Ecclefiae
1617 903 1705 950 Dei
1725 901 2006 949 reverentia.

183 977 416 1031 excitant,
455 974 503 1023 &
528 975 793 1023 incendunt
994 1000 1012 1009 -
1268 972 1479 1017 excitant
1500 969 1549 1018 ὅς
1575 970 1820 1016 inducunt.

178 1042 468 1089 Adolescens
495 1042 704 1088 Domino
842 1063 859 1071 -
1267 1036 1535 1084 adolescens
1559 1037 1807 1083 Dominus÷

183 1110 262 1173 qui
285 1109 489 1155 dedecus
516 1109 648 1172 pueri
669 1108 745 1155 sua
769 1114 926 1155 morte
1051 1135 1069 1146 -
1273 1104 1353 1167 qui
1375 1119 1572 1168 puerum
1600 1104 1674 1170 sua
1700 1111 1873 1152 morte.

181 1190 291 1234 eum
312 1191 477 1222 manus
498 1175 634 1222 laicas
806 1196 824 1207 -
1073 1202 1093 1212 -
1264 1186 1430 1218 manus
1453 1171 1592 1218 laicas

178 1244 406 1290 debueras
426 1244 467 1292 ei
504 1238 779 1306 luggeffiffe.
955 1261 957 1263 ·
1046 1269 1064 1278 -
1268 1240 1496 1285 debueras
1529 1233 1805 1301 suggeffifle.

180 1309 257 1357 sed
274 1310 471 1373 ‘indigne
495 1310 762 1374 porrexerit
1014 1330 1032 1339 -
1270 1305 1347 1352 sed
1368 1307 1558 1370 indigne
1585 1305 1813 1369 porrexit.

182 1379 261 1439 qui
290 1376 316 1422 a
339 1385 558 1439 tempore
903 1397 922 1406 -
1272 1375 1351 1436 qui
1372 1381 1592 1435 tempore
1868 1375 1882 1380 ⁸

182 1441 242 1488 eo
268 1443 394 1506 quod
417 1443 522 1490 vasa
547 1443 741 1489 Domini
992 1468 1012 1478 -
1263 1441 1390 1502 quod
1416 1439 1521 1486 vasa
1544 1438 1738 1485 Domini
1907 1478 1910 1479 γ

176 1507 444 1558 Christiano
471 1509 500 1555 fi
523 1511 756 1572 affligatur
997 1536 1026 1558 -,
1265 1505 1534 1553 Christiano
1557 1505 1585 1552 fi
1612 1505 1773 1568 affligit

179 1577 441 1639 gaudentes
462 1575 489 1621 a
520 1575 776 1640 conspectu
1026 1597 1046 1606 -
1268 1574 1528 1636 gaudentes
1553 1574 1609 1620 ad
1632 1521 1956 1636 conspssum.

179 1643 333 1699 Vide,
362 1658 420 1689 ne
436 1642 551 1690 alios
585 1643 778 1690 imiteris
952 1666 970 1675 -
1158 1669 1178 1679 -
1279 1641 1470 1695 vide,ne
1494 1639 1596 1686 illos
1616 1639 1824 1687 imiteris.

178 1707 494 1757 Periculosum
519 1709 584 1756 est
608 1710 692 1756 tibi
960 1739 979 1747 -
1259 1704 1694 1753 Periculofiffimum
1721 1705 1786 1753 est
1811 1708 1898 1755 tibi

175 1775 482 1824 ministerium
508 1774 738 1839 pastorale
995 1799 1009 1807 -
1265 1771 1475 1820 officium
1501 1772 1743 1836 pastorale.

177 1840 360 1890 ut‘inde
381 1842 728 1890 molumentum
752 1841 1014 1906 temporale
1281 1838 1391 1903 saut
1414 1840 1794 1889 emolumentum
1816 1841 2082 1907 temporarie

244 1910 479 1974 percipiat
1215 1966 1218 1968 v
1272 1906 1308 1972 ¹.
1415 1909 1631 1971 accipiat.

171 1977 276 2024 ‘imo
310 1978 505 2025 Domini
755 2004 776 2013 -
1044 2003 1063 2012 -
1266 1978 1364 2031 imo
1390 1976 1583 2023 Domini
1607 1975 1773 2026 sermo,

173 2044 384 2097 ,insanum
410 2053 458 2091 te
482 2049 697 2108 reputat,
721 2059 820 2092 non
843 2043 1010 2091 mirare
1144 2073 1162 2083 -
1268 2044 1478 2091 insanum
1505 2051 1551 2089 te
1573 2050 1778 2107 reputat.

175 2109 294 2157 filius
313 2111 660 2174 Prophetarum
930 2136 948 2145 -
1260 2109 1378 2157 filius
1400 2110 1749 2173 Prophetarum
1774 2108 2061 2172 veniffet‚&

163 2178 323 2225 (verba
344 2174 749 2224 vitaeaedificativa
918 2207 938 2218 -
1113 2206 1132 2217 -
1244 2179 1411 2235 *verba
1433 2179 1541 2225 vitae
1565 2175 1856 2225 aedificantia.

180 2242 341 2291 auram
363 2245 560 2291 adorare
582 2257 834 2295 munerum
1084 2273 1102 2285 -
1265 2245 1363 2292 auri
1378 2246 1571 2291 adorare
1591 2258 1857 2290 numerum.

188 2310 299 2357 ideo
321 2309 595 2374 magnificat
608 2325 718 2357 eum
1270 2314 1380 2359 ideo
1406 2308 1726 2374 magnificavit
1747 2324 1872 2357 eum.

9 2377 196 2445 lEp.XI.
221 2378 399 2441 spiritus
428 2378 736 2424 conturbatus
914 2395 917 2396 ⁷
941 2413 954 2428 .
1154 2407 1176 2417 -
1273 2378 1492 2441 Ep-XlII.
1514 2377 1692 2441 spiritus
1718 2378 2008 2426 exturbatur.

35 2448 39 2453 '
181 2443 431 2492 sanctitatis
455 2444 680 2492 abhorres
881 2468 902 2480 -
1121 2468 1140 2479 -
1276 2443 1525 2492 sanctitatis
1548 2444 1821 2491 abhorrens.

166 2512 409 2565 *Ethnicus
433 2510 573 2558 dicit:
829 2530 842 2560 ι
1186 2535 1205 2545 -
1273 2512 1495 2558 Hinricus
1520 2511 1658 2558 dicit:

185 2576 335 2628 factus
360 2587 585 2642 tanquam
620 2576 766 2633 vitula
1015 2609 1034 2618 -
1269 2577 1417 2626 factus
1443 2594 1492 2625 es
1518 2587 1740 2643 tanquam
1765 2575 1924 2625 vitula.

0 2661 31 2731 l·
185 2647 264 2709 qui
288 2645 317 2692 si
341 2643 679 2709 aliquantulum
703 2643 868 2696 lumini
1068 2675 1088 2684 -
1271 2646 1399 2710 quod
1423 2645 1452 2692 fi
1473 2644 1810 2710 aliquantulum
1831 2644 2007 2693 lumen.

0 2735 3 2783 l
183 2711 331 2760 oculis
357 2719 650 2760 tormentum
899 2735 917 2745 -
1167 2736 1186 2746 -
1272 2712 1396 2760 oculi
1416 2720 1728 2776 tormentum.
1814 2733 1823 2756 ω

0 2784 3 2804 ’
184 2779 361 2827 inolitae
384 2779 626 2827 vetustatis
797 2802 816 2812 -
997 2809 1017 2818 -
1266 2780 1440 2828 inclitae
1469 2778 1725 2829 vetustatis.

3 2898 5 2910 ἲ
176 2842 318 2892 labor
339 2845 404 2893 est
426 2854 536 2894 ante
557 2855 606 2894 te
777 2908 780 2910 Β
825 2875 844 2884 -
1080 2870 1097 2879 -
1269 2846 1403 2895 labor
1426 2846 1490 2894 est
1518 2854 1628 2894 ante
1650 2863 1745 2895 me.

3 2911 5 2967 l
185 2912 390 2970 Venite,
427 2915 580 2978 inquit
827 2937 846 2945 -
1097 2943 1114 2952 -
1220 2970 1224 2976 ,
1266 2915 1444 2963 Venite
1464 2916 1520 2962 ad
1543 2929 1646 2972 me,
1661 2915 1827 2979 inquit.

4 2969 7 3036 1
136 3001 143 3004 -
181 2977 394 3036 reficiam
415 2980 694 3045 vosr,inquit
715 2980 947 3027 Dominus
1123 3005 1134 3013 ..
1269 2981 1493 3030 refiiciam
1513 2997 1637 3033 vos..

5 3053 8 3110 ἶ
82 3099 95 3115 l
187 3045 216 3092 i
235 3047 502 3116 tentatione
526 3048 724 3097 omnino
745 3048 965 3098 immunis
1102 3072 1123 3112 Γ
1271 3048 1298 3097 ὲ
1320 3050 1593 3105 tentatione
1606 3046 1844 3099 immunis.

2058 3117 2106 3161 te
2117 3111 2215 3173 fors

4 3155 11 3266 -ιιᾼμᾼᾼᾼ
6 3116 7 3126 ᾼ
5 3037 7 3051 -
