2471 3463
198 182 308 243 454'
917 172 1196 230 utentium
1225 175 1331 229 unb
1355 173 1710 236 namnetum
1783 160 1787 164 ⁶
2095 200 2138 248 3·
2161 185 2350 241 Period.

581 298 698 349 Bibl.
721 300 846 349 Patr.
867 300 1020 366 Lugd.
1695 304 1817 364 MSt.
1841 307 1967 358 Petr.
1987 310 2161 361 Hamb.
2271 266 2405 302 -··.-

382 386 472 422 nec
493 370 689 417 honoris
725 367 1000 434 affumpti0‚
1037 384 1128 418 nec
1147 377 1320 420 caetera
1411 371 1443 407 ’-
1475 387 1567 421 nec
1587 379 1771 426 caetera.

379 441 440 488 ad
460 441 558 487 hoc
578 436 706 485 enim
727 437 831 485 satis
860 460 881 470 -
912 467 930 476 -
962 437 1210 488 Mantuani
1240 454 1355 491 vera
1422 467 1438 478 ·
1471 440 1564 488 Sed
1585 439 1698 490 licet
1719 442 1777 490 ad
1795 443 1892 492 hoc
1913 443 2038 495 statis
2073 475 2091 486 -
2124 471 2143 479 -
2195 445 2412 497 Martiani

1534 523 1658 557 vena
2167 526 2173 547 ⁸

378 571 430 622 ἀ
453 571 533 622 alti
556 571 730 621 consilii
753 571 949 637 speciale
979 573 1229 624 sacrarium
1463 575 1514 625 δε
1537 574 1617 624 alti
1638 575 1814 626 consilii
1841 577 2073 642 spirituale
2097 580 2345 630 sacrarium
2434 607 2443 614 =

380 641 495 689 dum
518 642 674 706 pacati
706 639 771 687 est
795 640 940 689 animi
1197 670 1218 682 ·
1467 644 1581 691 dum
1595 642 1768 708 placati
1781 644 1847 693 est
1859 646 2018 693 animi.

379 707 459 756 sed
479 708 675 757 inira&
694 708 966 757 turbatione
984 709 1143 758 cordis
1316 735 1335 744 ··
1468 712 1546 760 sed
1566 713 1692 760 inira
1715 712 1764 762 ὅ(
1788 713 2060 762 turbatione
2081 715 2242 764 animi.

377 774 742 840 superveniente
767 784 929 824 tamen
961 800 980 810 ·
1010 802 1029 810 -
1061 776 1249 826 tonsura
1467 778 1833 844 superveniente
1845 787 2009 829 autem
2041 811 2060 820 -
2089 808 2103 820 -
2135 782 2342 831 tonsura.

376 850 582 906 quatuor
604 850 685 891 aut
707 845 913 908 quinque
931 845 1089 895 diaetas
1108 845 1316 895 excurrit
1381 868 1401 878 -
1467 855 1673 912 quatuor
1695 855 1775 895 aut
1797 850 2005 913 quinque
2022 848 2180 898 leucas
2205 851 2410 900 excurrit:

374 916 499 959 artes
522 924 687 958 eorum
714 911 988 975 frequenter
1156 941 1176 951 -
1344 940 1365 953 -
1464 914 1661 963 malitias
1685 930 1850 963 eorum
1870 916 2160 981 frequenter.

375 976 425 1023 in
446 976 640 1044 eloquio
657 980 945 1036 torrentior,
962 978 1167 1027 securior
1188 981 1236 1029 in
1372 1001 1390 1013 -
1465 982 1513 1030 in
1537 982 1728 1046 eloquio
1751 982 2035 1041 correfflor,
2051 984 2206 1032 sanior
2225 983 2278 1033 in

375 1041 427 1091 ὅ(
448 1044 527 1106 qui
548 1059 574 1089 a
593 1044 728 1091 vobis
749 1043 1090 1092 versificatoriae
1312 1081 1326 1094 .
1464 1049 1515 1100 δε
1542 1051 1648 1114 quia
1672 1048 1699 1097 ai
1722 1066 1798 1100 me
1822 1049 2180 1101 versificatoriae.
2202 1054 2209 1111 ζ
2228 1092 2233 1096 ,

374 1122 463 1172 per
499 1108 768 1157 industriam
804 1134 822 1143 -
856 1135 874 1145 -
905 1111 1132 1177 plenioris
1154 1112 1374 1162 obtinuit.
1410 1140 1432 1151 -
1465 1115 1666 1180 Deficm.

375 1176 539 1240 Qam
565 1177 663 1225 cito
686 1184 848 1225 autern
872 1177 1074 1243 egressus
1103 1180 1200 1227 sum
1372 1210 1390 1220 ·
1457 1183 1560 1247 Ego
1588 1191 1749 1232 autem
1764 1199 1905 1249 quarn
1926 1187 2024 1240 cito
2045 1183 2249 1250 egressus
2275 1184 2374 1231 sum
2438 1217 2446 1221 -

373 1244 450 1292 Ad
472 1259 639 1313 pacem
656 1245 822 1314 populi
845 1244 1023 1314 spediat
1044 1245 1329 1299 immensitas
1394 1273 1415 1284 -
1458 1251 1537 1299 Ad
1561 1267 1731 1316 pacem
1756 1252 1921 1317 populi
1937 1250 2410 1317 pertinet,quicquid
2470 1264 2471 1278 ¹

1526 1319 1711 1384 cogitat
1722 1353 1737 1377 ,
1750 1320 1974 1384 quicquid
1998 1318 2208 1384 loquitur
2219 1351 2234 1376 ‚
2278 1320 2411 1382 quic-

1531 1388 1644 1453 quid
1669 1389 1838 1452 agit,ut
1853 1387 2059 1452 quiescat
2070 1385 2275 1452 populus
2287 1384 2407 1442 suus,

1528 1454 1718 1503 labores
1737 1455 1903 1503 anxios
1939 1454 1989 1505 ὅ(
2016 1467 2237 1502 enormes
2264 1452 2409 1501 inces-

1532 1521 1688 1571 santer
1711 1520 1908 1570 assumit.
1978 1522 2054 1570 Ad
2071 1535 2241 1586 pacem
2259 1531 2410 1585 popu-

1530 1589 1629 1654 puli
1652 1589 1857 1654 specstat,
1892 1591 2022 1655 quod
2044 1588 2231 1637 confilia
2245 1594 2408 1644 vocat,
2470 1592 2471 1608 ³

1533 1658 1665 1721 quod
1686 1656 1842 1705 firmat
1863 1657 2072 1713 foedera,
2097 1656 2228 1721 quod
2249 1653 2408 1701 amici·
2469 1676 2471 1694 a

1526 1725 1615 1771 tias
1633 1722 1818 1787 jungit,
1854 1725 1984 1788 quod
2007 1723 2230 1787 superbos
2251 1721 2409 1768 humi·-
2469 1743 2471 1751 ⁴

1532 1788 1642 1846 liat,
1686 1790 1816 1853 quod
1839 1789 1994 1855 praelia
2014 1790 2245 1844 minatur,
2276 1789 2406 1852 quod

1516 1854 1819 1920 Principibus
1849 1865 2055 1904 terrores
2073 1856 2300 1905 immittit.
2328 1854 2405 1902 Ad
2464 1910 2471 1915 η

1525 1936 1695 1986 pacem
1718 1922 1884 1988 populi
1908 1921 2085 1988 speEtat
2105 1921 2404 1970 immensitas.
2466 1917 2471 1930 ‘

370 1988 753 2057 magnificentior
781 1952 1021 2091 imur
1272 1989 1291 2019 ³
1461 1988 1845 2067 magnificentior
1886 1989 1937 2039 &
1976 1987 2402 2055 munificentiorin-v
2461 2007 2471 2045 'l

370 2124 555 2192 semper
574 2124 744 2174 studuit
767 2087 1041 2191 opprimere
1241 2152 1259 2161 -
1462 2064 1825 2189 seggssirtpaerddet
1847 2124 2135 2188 opprimere.

370 2193 431 2240 ab
452 2194 585 2241 omni
603 2191 864 2243 venalitate
887 2192 1107 2241 innoxias
1132 2188 1183 2241 ὅ(
1217 2190 1303 2239 im·
1371 2219 1391 2229 -
1459 2192 1518 2239 ab
1540 2191 1673 2241 omni
1689 2190 1948 2242 venalitate
1969 2193 2184 2242 innoxias
2456 2206 2471 2263 13

370 2276 666 2394 egsggiliegrae
687 2329 866 2378 caeteris
898 2327 1135 2391 insignivit
1306 2352 1325 2360 -
1455 2327 1647 2392 egregie
1676 2325 1925 2391 insignivit.
2464 2294 2471 2378 Ξ

368 2409 455 2459 per
473 2396 784 2445 invidentiam
807 2394 1035 2445 rescidisse
1209 2416 1231 2427 -
1456 2411 1541 2461 per
1563 2396 1789 2444 invidiam
1810 2391 2051 2444 rescidisse.
2460 2401 2471 2453 3

370 2463 548 2511 sacient
567 2465 800 2513 Dominus
834 2492 857 2500 -
890 2490 908 2502 -
932 2458 1352 2525 Cancellarius,qui
1405 2490 1423 2499 -
1458 2463 1759 2527 facient,qui
2132 2517 2144 2526 (v
2464 2467 2471 2509 s

371 2530 566 2578 consilio
576 2519 640 2580 ’ὃς
657 2531 827 2578 auxilio
846 2531 1035 2596 Regum
1049 2529 1097 2579 t&
1110 2529 1383 2594 Principum
1411 2559 1429 2567 -
1460 2529 1652 2578 consilio
1671 2531 1862 2593 Regum
1884 2527 1934 2577 ὅ(
1955 2525 2228 2591 Principum

370 2595 531 2673 postes
553 2598 654 2675 suos
674 2599 909 2677 Dominus
935 2623 954 2632 -
977 2623 1002 2676 ‚⁶
1020 2596 1304 2656 ferrei3‚ll.le
1369 2627 1387 2635 -
1455 2596 2024 2676 bostes1suos3Dominus
2045 2592 2155 2641 illes
2413 2659 2417 2663 V
2440 2623 2443 2680 ᾗ

371 2679 421 2711 1n
444 2663 695 2713 affliehone
717 2664 841 2715 filiali
863 2675 1075 2715 nutriens
1263 2694 1282 2702 -
1455 2681 1502 2712 m
1522 2663 1696 2713 affectu
1720 2662 1843 2712 filiali
1862 2669 2093 2710 nutriens.
2440 2681 2441 2695 π
2468 2683 2471 2688 -

369 2729 482 2782 Hoc
506 2738 665 2779 autem
679 2733 728 2779 in
760 2765 773 2778 .
809 2769 821 2781 .
856 2734 1189 2812 cognovimus..
1211 2800 1221 2809 ·
1373 2755 1391 2764 -
1461 2729 1659 2795 Dcfimt.
1752 2804 1757 2806 s
2167 2794 2178 2805 ⁶
2359 2791 2370 2803 .
2436 2732 2440 2826 l
2463 2786 2471 2791 ‚

197 2797 283 2864 Ep.
295 2795 494 2847 LXVII.
529 2800 663 2862 quod
684 2806 845 2871 tamen
871 2803 1006 2851 nobis
1044 2802 1102 2850 ad
1123 2799 1376 2850 utilitatem
1405 2829 1424 2838 -
1454 2797 1716 2915 Epi-{gg-
1736 2796 1865 2861 quod
1887 2802 2049 2844 tamen
2066 2794 2203 2844 vobis
2229 2793 2287 2842 ad
2305 2799 2390 2842 uti-
2434 2810 2471 2858 μ’

369 2933 497 2983 Cum
521 2934 650 2984 enim
666 2935 761 2985 aliis
785 2935 994 3001 Regibus
1017 2936 1067 2986 sit
1088 2937 1202 2985 rude
1337 2967 1356 2976 -
1453 2882 1730 2983 Cuinaenin'i
1753 2930 1848 2980 aliis
1865 2930 1916 2980 sit
1938 2932 2068 2980 rude.
2213 2907 2216 2912 ι

370 3002 818 3123 Ῑάείῖἓὲιῖῖῐῗιωηίυῐη
838 3004 1177 3072 Episcoporum
1197 3018 1285 3071 ηοξ
1353 3029 1372 3071 3
1457 3004 1570 3052 ideo
1591 3001 1716 3051 enim
1739 2999 2080 3066 Episcoporum
2093 2995 2358 3051 nostrorum

2248 3129 2278 3179 si
2292 3124 2389 3179 fini-
