2471 3463
164 109 266 173 460
355 178 364 181 „
531 180 534 181 ⁷
831 99 1112 159 uvtunben
1134 99 1240 153 nmb
1255 97 1610 160 wachawe„
1761 113 1780 115 ⁷*
2095 123 2138 172 3·
2159 102 2345 166 Period.
2412 122 2445 132 ··

583 213 698 264 Bibl.
719 215 842 265 Patr.
868 215 1022 279 Lugd.
1565 222 1580 229 ”
1633 220 1756 269 Mst.
1772 222 2012 270 Petrinum
2034 224 2209 271 Hamb.

327 311 407 380 qui
430 317 605 358 terram
640 338 656 348 -
689 341 707 350 -
746 309 888 369 idest,
909 311 1129 363 duritiem
1163 344 1181 352 -
1214 335 1230 345 ·
1263 313 1348 361 im·
1380 336 1399 351 -
1434 313 1512 361 cui
1538 319 1714 364 terram
1754 347 1770 357 .
1821 343 1840 353 -
1871 320 1920 366 in
1943 320 2162 368 duritiem
2193 345 2212 354 -
2245 350 2264 359 -
2294 322 2375 371 im·

418 375 580 425 mififfe
1331 408 1334 410 —
1498 380 1678 429 mififfe.
1996 382 1998 384 ’

334 444 557 510 fimplicia
573 446 717 494 verba
740 461 838 494 non
874 424 1059 495 inficior
1230 448 1238 451 “
1309 478 1328 486 -
1428 445 1649 527 simplicia
1673 450 1820 498 verba
1841 453 2054 502 veritatis
2076 469 2176 503 non
2194 453 2376 504 inficior

332 515 383 562 in
406 528 502 577 quo
525 513 742 562 sexentos
760 511 1025 563 Philistaeos
1063 515 1240 565 occidit
1339 538 1357 550 -
1427 517 1508 579 qui
1542 516 1830 582 quingentos
1853 516 2106 569 Philistaeos
2125 522 2316 571 occidit.

333 580 423 629 Hae
439 581 540 628 sunt
562 581 710 630 salivae
732 580 997 636 defluentes
1202 614 1220 622 -
1436 583 1525 631 Hae
1551 584 1815 633 iuntsalivae
1828 577 2090 638 effluentes.
2132 589 2136 592 ’

339 655 509 696 cantus
533 648 720 697 inutiles
744 649 794 698 &
817 650 962 699 aniles
992 648 1170 698 fabulas
1345 679 1363 690 -
1440 658 1606 699 cantus
1629 652 1815 700 inutiles
1839 645 2064 703 &inanes
2087 653 2278 717 fabulas·

342 730 490 781 quem
525 739 544 747 -
575 717 770 765 v-ideo
785 716 1094 766 constitutum
1345 747 1363 757 -
1436 734 1579 782 quem
1615 744 1632 752 -
1667 750 1685 758 -
1720 721 1864 769 video
1908 722 2277 788 circumseptum

334 783 528 848 Sagittae
551 783 734 832 domini
768 815 785 823 -
871 766 1135 851 -spiritum
1142 780 1295 834 tuum.
1352 814 1371 823 -
1439 783 1637 850 Dcstmt.
1865 780 1870 785 ’
2049 819 2051 821 -

333 850 385 900 ὅ(
406 865 571 899 recens
592 867 719 899 mors
742 852 936 915 Joannis
971 852 1230 899 --fratris
1252 853 1323 899 tui
1379 881 1398 889 -
1429 853 1478 902 ὅ(
1501 869 1668 903 recens
1691 870 1820 903 mors
1855 856 2106 905 --fratris
2127 857 2209 905 tui.

336 917 511 966 doloris
525 919 803 965 memoriam
815 920 1006 965 refr1cat
1017 933 1147 966 mors
1159 918 1399 967 Gerard1
1428 919 1606 968 doloris
1628 924 1874 970 materiam
1897 925 2090 991 refricat
2116 935 2244 974 mors

335 987 596 1085 Nepotem
603 992 743 1032 tuum
766 985 1022 1033 Nicolaum
1225 1010 1242 1019 -
1431 989 1681 1053 Nepotem
1704 989 1839 1037 tuum
1863 993 1925 1040 N.

334 1067 479 1117 quem
511 1053 801 1117 --repente
833 1069 961 1101 mors
996 1084 1014 1092 -
1046 1054 1398 1121 ·praeripuit-
1433 1071 1578 1121 quern
1614 1086 1632 1095 -
1665 1081 1682 1089 -
1718 1073 1846 1104 mors
1884 1082 1901 1091 ·-
1935 1057 2252 1123 -praeripuit.·

333 1120 413 1168 sub
438 1119 465 1167 s
469 1119 617 1169 lentio
641 1121 794 1168 fratris
813 1122 882 1168 tui
914 1122 1168 1170 Ammonis
1306 1150 1325 1161 -
1427 1124 1508 1172 sub
1532 1123 1559 1171 Γ
1563 1123 1728 1173 lientlo
1747 1125 1900 1173 fratris
1921 1125 1990 1173 tui
2012 1128 2072 1173 A.

332 1187 550 1236 Musica
539 1205 586 1237 ιι]
605 1186 733 1236 luctu
748 1188 1045 1253 ‚importuna
1067 1189 1272 1238 narratio
1343 1214 1362 1224 ·
1426 1191 1604 1239 Musica
1626 1192 1673 1239 in
1692 1189 1823 1239 lustu
1848 1190 2124 1256 opportuna
2155 1192 2377 1243 narratio.
2443 1190 2445 1193 ⁴

334 1256 646 1320 scribas‚quae
667 1221 1021 1320 Th’eologicam
1041 1257 1221 1322 sapiant
1323 1282 1341 1291 -
1429 1256 1639 1315 studeas,
1675 1273 1776 1323 quae
1800 1254 2151 1336 Theologicam
2188 1259 2378 1335 sapiant.

162 1322 514 1386 Ep.LXXV11.
539 1324 690 1370 homo
716 1323 939 1387 segnioris
969 1325 1080 1372 vitae
1281 1348 1300 1359 ·
1433 1325 1516 1390 Ep.
1528 1325 1612 1373 IC.
1634 1326 1785 1373 homo
1807 1327 2046 1390 nequioris
2060 1327 2185 1374 vitae.
2220 1358 2222 1361 -

333 1390 523 1439 tantum
547 1392 802 1456 derogaret
815 1393 1149 1439 communibus
1169 1391 1343 1451 titulis,
1376 1418 1394 1426 -
1429 1400 1616 1441 tantum
1638 1393 1835 1442 honoris
1874 1394 2211 1461 supererogaie
2247 1401 2378 1442 tene-

420 1456 656 1522 quantiam
675 1473 804 1506 nunc
827 1458 905 1507 vel
927 1461 1184 1524 adeptione
1206 1461 1361 1509 hono·
1496 1469 1652 1517 retur,
1678 1469 1906 1526 quantum
1936 1460 2013 1509 ille
2045 1459 2379 1519 communibus

411 1541 547 1583 rum,
577 1525 656 1575 vel
706 1535 987 1591 magnatum
1020 1527 1364 1586 familiaritate,
1498 1528 1643 1577 titulis
1671 1531 1939 1594 derogaret.
2043 1524 2187 1577 Nunc
2221 1537 2381 1578 autem
2460 1568 2462 1570 v

409 1591 490 1642 vel
514 1589 678 1658 populi
706 1594 989 1650 favore,vel
1016 1596 1231 1661 scriptis,
1277 1604 1359 1645 aut
1498 1603 1728 1660 quantum
1744 1596 1889 1646 laudis
1903 1596 2026 1645 addo
2041 1592 2379 1645 communivo-

412 1660 539 1708 suavi
563 1677 751 1709 morum
772 1664 921 1727 gratia
941 1678 1120 1712 nomen
1144 1679 1363 1713 commu·
1498 1663 1696 1721 cabulo,
1712 1664 1787 1712 vel
1802 1664 2107 1729 acquistione
2124 1665 2379 1730 redditum,

411 1742 475 1776 ne
499 1729 749 1778 amborum
772 1729 990 1779 dilatatis.
1496 1731 1575 1778 vel
1599 1739 1872 1794 magnatum
1908 1724 2250 1788 familiaritate,
2298 1731 2378 1779 vel

1495 1799 1699 1860 scriptis,
1738 1805 1922 1845 tantum
1958 1799 2137 1844 eisdem
2168 1798 2376 1845 moribus

1498 1864 1867 1931 elegantioribus
1891 1864 1971 1928 1ps
1975 1880 2026 1912 us
2053 1878 2112 1911 ex
2144 1873 2280 1929 parte
2299 1879 2380 1914 ve-

1496 1919 1636 1979 stram
1663 1932 1804 1979 etiam
1826 1933 2045 1980 notitiam
2059 1930 2280 1981 dilatatis.

332 1998 506 2049 Nostra
530 2001 671 2050 etiam
687 2000 878 2066 scripta,
899 2015 1001 2066 quae
1025 2001 1068 2051 se
1345 2030 1364 2040 -
1429 1998 1600 2046 Vestra
1623 2002 1766 2046 etiam
1791 1999 2099 2065 scripta‚quae
2121 1997 2165 2046 se

337 2084 440 2134 quae
461 2069 509 2116 in
531 2070 678 2134 ipsum
700 2070 959 2118 dictaverat
1210 2090 1230 2103 -
1435 2068 1512 2131 qui
1535 2067 1582 2113 in
1601 2066 1748 2131 ipsum
1772 2065 2045 2115 dictaverat.

337 2137 518 2184 dicitur
541 2139 586 2185 ei
612 2136 789 2184 Cicero
809 2133 1109 2201 respondisse.
1363 2196 1372 2199 ,
1434 2131 1632 2196 Desunt.
1798 2133 1809 2145 ’

335 2204 457 2269 Qis
482 2204 628 2251 hodie
653 2204 885 2252 Lucilium
911 2199 1211 2268 cognovisset
1437 2203 1555 2266 Qis
1579 2201 1725 2249 hodie
1753 2199 1982 2275 Lucillum
1998 2197 2311 2264 cognoviffet.

335 2271 495 2319 divina
521 2272 725 2325 Homeri
747 2287 880 2320 mens
894 2271 1103 2319 carmine
1288 2292 1306 2302 -
1441 2268 1655 2318 docirina
1678 2269 1908 2325 Homeri,
1933 2264 2032 2331 ejus
2056 2270 2280 2316 carmine.

338 2330 472 2401 posse
499 2341 833 2389 commodius
822 2339 1024 2387 mveniri
1217 2342 1252 2370 ·’
1435 2335 1566 2401 poffe
1591 2332 2003 2401 compendiosius
1993 2335 2194 2383 inveniri

336 2403 612 2454 affecerunt.
685 2408 951 2456 Lacedaem.
977 2405 1121 2454 etiam
1143 2404 1340 2453 Senatus
1376 2427 1394 2437 -
1430 2403 1721 2457 affecerunt,
1736 2405 1784 2453 ὅ(
1814 2403 2078 2450 Lacedaem.
2115 2403 2312 2450 Senatus
2359 2423 2362 2425 Α

336 2463 500 2521 maluit
521 2476 627 2523 viro
652 2477 904 2525 detrahere
1210 2497 1227 2505 -
1430 2471 1594 2520 maluit
1616 2474 1741 2521 vitiis
1776 2471 2043 2518 detrahele.

335 2538 614 2603 postremo
603 2545 835 2622 imperavi
860 2546 1058 2614 egomet
1311 2564 1330 2573 -
1432 2541 1670 2605 denique
1659 2539 1887 2604 imperavi
1912 2543 2111 2616 egomet

338 2607 518 2670 aspexit
547 2612 690 2659 amici
1214 2637 1232 2647 -
1434 2608 1686 2673 conspexit
1704 2606 1857 2655 amici.

338 2672 370 2720 fl
394 2681 611 2740 tempore
627 2679 788 2742 poscas
804 2710 817 2736 ,
833 2678 1024 2744 Accipit
1043 2668 1414 2727 Endromidem-
1440 2674 1469 2722 Γ]
1456 2680 1713 2740 1tempore
1737 2674 1891 2740 pacis,
1905 2670 2096 2737 Accipit
2114 2670 2380 2720 Androma-

1499 2745 1623 2791 dam.

339 2810 456 2864 Non
476 2809 629 2858 sumus
652 2825 767 2875 ergo
803 2828 938 2877 pares
1059 2806 1061 2809 ’
1210 2838 1229 2850 -
1430 2811 1547 2859 Non
1571 2812 1725 2859 sumus
1748 2823 1863 2874 ergo
1889 2813 2045 2891 patres

340 2864 529 2925 laudare
566 2869 756 2942 paratus
803 2880 806 2882 ’
1003 2889 1041 2923 ..’
1077 2932 1079 2935 ,
1277 2911 1296 2921 -
1433 2872 1621 2927 laudare
1644 2884 1842 2942 paratas.

274 2940 277 2941 ⁷
341 2942 408 2994 Ut
427 2946 507 3011 qui
529 2943 755 2997 conduE’ti
779 2946 968 3012 plorant
1221 2978 1241 2989 -
1428 2945 1493 2995 Ut
1521 2947 1600 3012 qui
1621 2942 1850 2996 condoffl
1875 2942 2078 3009 plorant.

2249 3022 2374 3070 Bene
