2471 3463
2134 249 2285 262 ——-

493 278 610 326 Bibl.
632 278 756 344 Patrg
779 277 932 341 Lugd.
1575 276 1695 323 MSt.
1717 276 1846 325 Petr;
1868 277 2043 325 Hamb.

142 195 189 227 2.
204 175 325 238 Cap.
350 133 529 228 sicbenbe
551 166 774 232 erlag'e.
999 228 1013 230 V
1060 172 1168 222 »οη
1189 165 1257 237 St.
1269 163 1397 216 Petri
1409 161 1616 249 Rittbe.
2186 184 2284 238 455

245 347 276 396 fi
296 345 602 394 finitimarum
640 375 659 383 -
692 367 711 379 -
744 344 961 393 amicitiae
991 372 1009 381 -
1036 342 1110 392 fir·
1214 370 1233 377 -
1326 342 1366 389 fi
1390 341 1667 390 cunctarum
1699 366 1717 376 -
1775 368 1794 375 -
1825 345 2041 392 amicitiae
2077 373 2096 384 -
2136 373 2155 382 -
2189 344 2275 392 ser·

327 414 529 461 mandae.
566 441 582 475 5
804 425 806 427 ’
1404 411 1585 456 vandae.
2269 404 2274 407 ’

239 481 343 529 libri
366 481 469 528 haec
492 480 653 528 omnia
675 479 895 526 erudiunt
1093 498 1114 508 -
1331 475 1434 522 libri
1457 477 1514 522 ad
1527 463 1635 522 haec
1659 475 1820 522 omnia
1842 477 2073 525 erudiunt.

239 549 291 596 in
313 546 501 595 litterali
522 546 672 593 studio
693 553 852 594 tantus
872 545 960 593 fuit
1109 566 1129 576 -
1331 542 1386 590 ln
1406 541 1668 589 literatorio
1688 540 1838 589 studio
1861 550 2017 590 tantus
2040 545 2142 594 fuit.

242 615 413 669 Adde,
446 610 577 679 quod
599 615 827 677 ingenuas
860 643 879 650 -
908 636 927 644 -
960 635 977 644 -
1009 609 1137 658 feros
1234 631 1254 641 -
1338 605 1539 670 Dcfitnt.

238 683 368 730 bona
391 681 470 730 fibi
501 706 518 714 -
553 678 757 733 eveniffe
770 680 931 727 omnia
952 678 1180 743 gloriatur
1244 704 1263 713 -
1331 676 1458 723 bona
1476 675 1560 723 sibi
1593 702 1616 712 -
1652 673 1857 725 eveniffe
1883 676 2041 725 omnia
2078 677 2277 741 gratula-

180 788 185 795 .
1397 749 1487 791 tur.

178 816 186 872 ᾗ
240 814 473 881 scriptum
498 813 564 864 est
585 816 634 862 in
654 814 784 862 hunc
805 812 1005 861 modum
1206 840 1226 848 -
1328 810 1552 874 {criptum
1564 808 1629 857 est
1649 809 1699 858 in
1719 809 1824 875 lege
1848 810 2045 859 Domini
2065 810 2115 859 in
2147 810 2276 860 hune

1394 878 1608 925 modum.
1861 915 1865 919 .
1987 907 1997 909 e

239 948 492 1015 Postquam
507 948 674 996 sederit
697 947 806 995 Rex
1054 970 1074 978 -
1324 943 1579 1009 Postquam
1601 951 1760 992 autem
1786 944 1957 992 sederit
1978 944 2100 992 Rex.

233 1019 283 1066 in
305 1017 440 1080 Rege
453 1015 644 1067 scientia
672 1012 935 1062 litterarum
967 1012 1171 1078 exigitur
1235 1038 1258 1048 -
1327 1012 1378 1060 in
1401 1011 1798 1077 Regreqliteratura
1823 1012 2039 1075 exigitur.

233 1084 287 1132 ἀ
305 1082 710 1131 exercitatiotota
733 1089 834 1130 erat
856 1081 905 1128 in
919 1078 1026 1143 lege
1178 1107 1195 1118 -
1327 1079 1377 1127 δε
1397 1080 1676 1127 exercitatio
1688 1079 1843 1129 David
1857 1087 1960 1126 tota
1973 1084 2073 1126 erat
2085 1079 2132 1128 in
2153 1076 2275 1143 lege.

231 1150 309 1198 De
334 1149 455 1213 Jofia
478 1150 675 1212 Rege*
706 1171 725 1181 -
762 1148 893 1213 quod
913 1147 963 1197 &
991 1147 1107 1196 fecit
1242 1174 1260 1185 -
1331 1143 1540 1210 Dqlimt.
2062 1160 2069 1162 ·
2095 1165 2097 1167 ·

170 1242 207 1263 >,
232 1215 567 1275 armorum,&
587 1213 751 1266 militia
772 1214 1035 1264 litterarum
1206 1243 1227 1252 -
1325 1221 1700 1274 armorum‚nec
1727 1214 1882 1263 minus
1924 1212 2087 1263 militia
2122 1209 2277 1274 litera}

314 1309 319 1314 ·
691 1324 694 1326 ,
1395 1298 1517 1332 rum.

229 1349 465 1417 judicabit
483 1352 535 1401 in
553 1352 774 1415 aequitate
795 1347 1089 1421 popu108‚&
1228 1376 1244 1388 -
1327 1347 1560 1414 judicabit
1582 1350 1631 1398 in
1652 1349 1870 1399 veritate.

235 1419 441 1466 thronus
462 1415 562 1482 ejus
582 1419 632 1465 in
643 1426 872 1466 aeternum
892 1416 1104 1464 manebit
1240 1439 1259 1470 -,
1328 1419 1528 1465 thronus
1551 1415 1651 1480 ejus
1670 1420 1717 1466 in
1741 1424 1969 1465 aeternum
1989 1414 2274 1465 fundabitur.

234 1485 356 1535 Item
369 1518 383 1542 ‚
395 1486 453 1532 Et
472 1500 649 1549 ponam
665 1487 712 1532 in
727 1482 943 1532 saeculum
965 1481 1114 1530 saeculi
1135 1479 1295 1531 semen
1329 1485 1377 1533 Si
1396 1483 1701 1533 custodierint
1719 1483 1799 1531 filii
1812 1484 1907 1531 mei
1929 1484 2150 1531 mandata
2169 1499 2275 1531 mea

313 1549 758 1616 eju3,.&‚thronum
772 1549 872 1616 ejus
884 1550 999 1599 ficut
1017 1550 1115 1600 dies
1133 1547 1257 1600 coeli.
1395 1553 1446 1602 ὅς
1482 1551 1751 1599 testimonia
1781 1566 1916 1608 mea,
1952 1565 2052 1614 quae
2083 1552 2273 1598 docebo

1394 1635 1478 1667 eos
1492 1652 1505 1677 ‚
1520 1619 1601 1684 ipsi
1617 1617 1754 1668 &filii
1778 1633 1945 1665 eorum
1966 1618 2192 1672 sedebunt
2206 1619 2275 1682 su·¹

1392 1702 1478 1752 per
1506 1687 1663 1734 sedem
1688 1693 1833 1732 tuam.

228 1759 298 1807 Ex
318 1757 547 1823 praediffis
571 1759 815 1808 manifeste
837 1760 1041 1823 conjicio
1216 1781 1236 1790 -
1321 1751 1642 1820 Exgpraediffis
1665 1750 1907 1800 manifeste
1929 1752 2186 1801 convinco.

229 1828 361 1890 quod
380 1842 467 1892 per
487 1827 855 1892 imprudentiam
877 1827 1080 1876 filiorum
1215 1846 1234 1858 -
1330 1821 1461 1886 quod
1501 1828 1698 1886 propter
1738 1820 2111 1886 imprudentiam
2154 1818 2272 1886 filio.

481 1936 491 1940 χ
885 1914 889 1925 ι
1386 1903 1507 1937 rum.

159 1946 164 1949 ”
225 1965 254 1997 a
274 1946 422 2014 gente
441 1950 491 1999 in
513 1958 709 2016 gentem
721 1951 999 1999 transsertur
1173 1980 1192 1990 ·
1323 1967 1507 2024 agente
1526 1957 1574 2005 in
1611 1963 1806 2021 gentem
1833 1955 2156 2004 transferetur.

229 2017 321 2085 Job
346 2020 632 2073 deterrendo
646 2020 800 2084 Reges
815 2020 1001 2068 invitat·
1203 2049 1222 2059 -
1322 2026 1414 2091 Job
1437 2025 1776 2075 comminando
1800 2025 1959 2089 Reges
1986 2024 2170 2075 invitat.

225 2085 349 2132 Ecce
363 2084 563 2150 qualiter
593 2117 611 2124 -
644 2115 663 2124 -
687 2115 702 2125 -
732 2086 1032 2135 redundavit.
1068 2116 1070 2118 -
1205 2112 1223 2121 -
1320 2091 1523 2158 Dcstmt.

225 2151 383 2220 ignoti
403 2153 487 2199 viri
508 2153 557 2201 ὅ(
571 2155 786 2201 extranei
807 2152 1119 2203 succefferunt
1201 2185 1221 2193 -
1316 2163 1471 2228 ignoti
1493 2162 1543 2212 &
1566 2157 1778 2211 extranei
1801 2157 2114 2208 successerunt

227 2216 505 2294 litteral-ibus
527 2217 782 2282 disciplinis
805 2220 1050 2284 impendat
1182 2251 1200 2263 ·
1318 2228 1583 2278 liberalibus
1609 2228 1855 2293 disciplinis
1888 2226 2150 2291 impendat-

226 2284 277 2334 &
301 2285 525 2333 malitiam
549 2285 758 2333 dediscat
777 2287 989 2334 innatam
1211 2316 1230 2330 -
1320 2297 1370 2346 ὅ(
1401 2297 1631 2344 malitiam
1654 2296 1860 2344 dediscat

225 2361 455 2424 exemplis
479 2376 681 2427 operum
697 2361 934 2412 affuescat.
953 2366 1080 2413 Bene
1095 2365 1270 2415 Valete
1290 2398 1307 2407 -
1330 2359 1561 2428 exemplis
1587 2377 1789 2428 operum
1813 2357 2035 2408 assuescat

55 2426 372 2492 Ep.LXV111.
417 2467 419 2469 .
1320 2427 1470 2491 Deest.
1590 2444 1592 2446 ·

17 2521 22 2528 ·
53 2495 137 2560 Ep.
151 2494 330 2544 LXIX.
355 2495 415 2543 de
437 2495 760 2547 invaletudine
783 2497 937 2549 vestra
1137 2522 1162 2561 g
1314 2499 1400 2563 Ep.
1413 2497 1650 2545 XXXIX.
1663 2496 1723 2544 de
1733 2493 2115 2546 invaletudine&
2129 2497 2256 2561 aegri·

11 2567 14 2570 ”
1384 2567 1549 2613 tudine
1571 2563 1742 2612 vestra.
1939 2599 1941 2602 ι

220 2631 558 2680 vehementius
579 2630 760 2680 exultat
1011 2657 1029 2666 -
1315 2633 1628 2684 vehementer
1647 2630 1844 2679 exultat.

154 2765 158 2767 Δ
223 2705 452 2764 tanquam
473 2700 719 2764 transfuga
743 2699 791 2748 ὃ(
814 2700 1021 2748 desertor
1190 2724 1210 2734 -
1313 2709 1537 2765 tanquam
1563 2699 1804 2762 transfuga
1832 2698 1881 2748 ὅ(
1902 2693 2174 2748 desertoria.

221 2767 300 2830 qui
322 2774 488 2815 contra
500 2766 750 2831 praestitum
764 2764 1220 2830 Patrijurarnentum
1258 2795 1277 2807 ο
1313 2771 1394 2835 qui
1418 2775 1586 2816 contra
1606 2767 1849 2835 pristinum
1871 2766 1995 2815 Patri
2011 2765 2252 2831 juramen-

1382 2844 1502 2885 tum.

221 2900 270 2961 in
294 2908 480 2965 patrem
504 2901 588 2951 filii
971 2935 990 2945 -
1307 2908 1357 2956 in
1378 2912 1564 2970 partem
1588 2902 1682 2955 filii.

224 2969 351 3032 Qia
374 2972 421 3018 in
444 2969 544 3018 filio
561 2971 656 3019 vita
681 2972 949 3021 diuturnior
1111 2994 1132 3009 -
1316 2974 1445 3038 Qia
1470 2975 1518 3020 in
1536 2971 1632 3020 filio
1658 2971 1938 3029 diuturnior·

224 3036 482 3087 multorum
504 3039 692 3104 cuipam
714 3073 727 3099 2
744 3040 857 3105 teste
881 3039 1146 3109 Augustino
1228 3062 1250 3105 f
1319 3040 1577 3113 multorum
1603 3051 1825 3094 mortem.

2099 3109 2260 3158 Fabius
