2471 3463
155 203 202 238 2.
215 188 334 251 Cap.
359 182 542 246 fiebenbe
562 162 779 268 erlage.
1031 178 1143 241 von
1175 187 1242 236 st.
1265 186 1392 239 Petri
1409 182 1604 264 Raiba.
2167 200 2283 258 --44'3

471 298 587 347 Bibl.
609 298 801 347 Patrum
823 299 977 366 Lugd.
1290 356 1295 358 μ
1543 303 1667 349 MSt.
1694 302 1869 352 Petrin.
1890 306 2066 357 Hamb·

259 370 338 437 qui
359 367 502 416 etiam
531 365 693 431 postea
723 368 1036 433 interemptus
1060 367 1127 418 est
1223 397 1244 409 -
1342 370 1422 434 qui
1442 369 1583 417 etiam
1604 368 1882 419 interemtus
1907 371 1973 420 est
2094 381 2099 391 ¹

257 437 338 496 qui
357 437 406 483 B.
430 433 665 497 Joannem
686 433 1028 498 Evangelistam
1228 460 1246 468 -
1344 439 1424 501 qui
1453 436 1688 500 Joannem
1709 436 2067 501 Evangelistam·

241 497 472 553 Aurelius
497 503 642 549 etiam
663 502 938 549 Antoninus
1223 525 1242 535 -
1344 502 1565 550 Aurelius
1590 502 1638 550 ὃς
1659 504 1944 552 Antoninus.

253 571 446 620 Marcus
460 567 722 623 Antonius.,
736 566 1009 616 Alexander
1209 597 1228 606 -
1338 570 1526 617 Marcus
1549 567 1764 616 Aurelius
1777 600 1790 624 ‚
1806 569 2088 622 Alexander.

255 634 512 704 Qintillus
525 667 539 692 ‚
553 632 832 683 Aurelianus
842 666 859 691 ,
1109 663 1128 674 -
1340 634 1599 700 Qintillus
1611 664 1625 690 ,
1639 633 1856 686 Valerius
1868 639 2094 689 Aurelius·

256 703 386 769 Qia
409 700 522 750 ficut
545 701 694 750 Poeta
721 725 742 733 ·
772 730 792 738 -
825 705 984 748 morte
1009 701 1207 765 tyranni.
1277 730 1296 740 -
1346 698 1546 764 Dcfimt.

252 769 523 820 Antoninus
537 769 681 816 etiam
700 766 836 826 Pius,
851 766 1186 817 &Antoninus
1251 797 1271 807 -
1335 769 1606 820 Antoninus
1628 769 1771 818 etiam
1782 768 1888 819 Pius

331 835 644 899 Philosophus

250 917 476 970 permane
507 931 528 939 -
557 925 575 933 -
595 900 906 967 dimittasque
926 900 1054 948 laicis
1189 931 1246 949 -0
1327 917 1554 968 permane
1588 933 1607 942 -
1641 933 1660 943 -
1693 933 1711 942 -
1747 905 1930 953 dImitte
1952 903 2080 955 laicis

249 971 432 1035 magnis
452 967 638 1032 populis
662 983 815 1031 nuper
837 965 1050 1033 praeeffet
1214 999 1240 1008 Ἰ-
1340 972 1522 1034 magnis
1544 970 1731 1036 populis
1747 971 1971 1036 praeeffet.

250 1039 402 1087 exitus
426 1034 526 1098 ejus
550 1036 656 1085 vitae
681 1034 901 1083 infaelices
920 1034 1117 1083 habebit
1212 1065 1231 1075 -
1337 1038 1490 1085 exitus
1512 1035 1651 1100 hujus
1675 1038 2004 1088 vitaeinfelices
2031 1039 2238 1090 habebit.

245 1104 394 1152 Dedit
427 1128 450 1136 -
481 1130 495 1141 ·
530 1103 654 1151 ineis
667 1100 1054 1168 fignificationem
1081 1127 1100 1136 -
1134 1127 1153 1136 -
1184 1119 1212 1153 a
1272 1127 1291 1137 -
1327 1105 1472 1153 Dedit
1511 1129 1530 1138 -
1562 1128 1579 1137 ·
1614 1114 1768 1155 metus
1782 1104 2171 1174 significationem
2202 1137 2221 1148 -
2255 1128 2275 1142 ·=

328 1169 449 1218 facie
469 1184 619 1218 arcus,
1404 1187 1430 1218 a
1453 1171 1573 1221 facie
1597 1169 1712 1235 ejus·

248 1240 329 1304 qui
349 1234 464 1313 jecit
483 1238 723 1286 avaritiam
735 1251 795 1285 ex
808 1236 1057 1297 calumnia,
1070 1238 1184 1286 dum
1252 1267 1271 1276 -
1336 1240 1416 1303 qui
1435 1241 1624 1304 rapinae.

328 1319 380 1351 ra
416 1318 503 1351 inae
1084 1318 1089 1321 ‘

253 1319 489 1436 quodptibi
510 1370 590 1418 soli
612 1371 801 1436 usurpas
1061 1402 1081 1411 -
1264 1363 1271 1365 ’
1333 1374 1464 1438 quod
1485 1373 1732 1422 tibi-solum
1750 1375 1940 1439 usurpas

243 1453 307 1486 ne
329 1445 377 1485 te
389 1438 717 1500 reprobaverit
739 1438 970 1485 Dominus
1153 1466 1177 1477 -
1331 1455 1391 1487 ne
1416 1449 1465 1488 te
1478 1441 1704 1505 respuerit
1723 1442 1969 1494 Dominus.

244 1503 499 1569 Refipiscas
517 1504 659 1568 igitur
675 1504 864 1558 &iram
877 1504 1071 1553 Domini
1203 1530 1221 1540 ·
1319 1507 1559 1572 Respicias
1582 1508 1723 1572 igitur
1743 1508 1792 1557 ὅ(
1809 1509 1924 1557 iram
1936 1507 2135 1557 Domini

244 1582 332 1637 per
351 1571 589 1618 Abbatem
612 1569 920 1620 Clarimarisci
942 1586 1094 1636 nuper
1115 1572 1199 1621 tibi
1236 1601 1255 1611 -
1325 1589 1411 1639 per
1434 1576 1672 1622 Abbatem
1694 1581 1845 1639 nuper
1865 1576 1950 1623 tibi
1963 1590 2270 1640 porrexeram
2357 1569 2370 1575 χ

333 1652 655 1701 porrexeram,
1393 1641 1547 1689 literas
1563 1673 1578 1698 ‚
1718 1698 1722 1701 θ
2034 1674 2036 1676 -

241 1705 476 1752 Dominus
500 1704 684 1754 auferat
713 1735 732 1744 -
773 1734 791 1746 -
823 1704 1158 1754 mandatorum
1226 1734 1245 1744 -
1330 1708 1564 1755 Dominus
1591 1706 1772 1756 auferat
1800 1731 1819 1741 -
1879 1738 1898 1747 -
1930 1707 2268 1758 'mandatorum

16 1818 17 1821 ,
302 1777 515 1832 tuorum
539 1817 546 1824 ,
1397 1776 1598 1821 suorum.

70 1844 154 1908 Ep.
170 1837 338 1887 XLIII.
1325 1838 1476 1902 Deest.

70 1911 153 1975 Ep.
167 1906 345 1958 XLIV.
380 1903 556 1954 consilii
577 1904 899 1970 &prudentiae
929 1907 1202 1971 approbatae
1237 1936 1256 1945 -
1325 1909 1409 1973 Ep.
1422 1908 1639 1956 LXXIII.
1675 1908 2203 1974 confilii&prudentiae.

189 1995 192 1998 ⁴
240 1971 418 2051 quoda
438 1987 516 2019 me
550 2000 568 2010 -
607 1994 621 2005 -
656 1972 899 2020 confilium
925 1973 1191 2038 postulatis¹
1232 2003 1251 2013 -
1324 1977 1585 2040 quodame
1620 2000 1635 2008 -
1668 2005 1687 2013 -
1719 1976 1959 2023 confilium
1974 1977 2231 2043 postulastis

238 2042 287 2089 in
311 2039 463 2086 arduis
486 2040 625 2087 rebus
646 2040 882 2088 minorum
905 2040 1155 2104 explorare
1240 2067 1258 2075 ·
1326 2045 1375 2091 in
1397 2041 1532 2091 aretis
1557 2043 1694 2090 rebus
1720 2045 1976 2091 minoribus
1998 2044 2259 2108 explorare.

239 2107 288 2156 ὅ(
309 2107 418 2152 ideo
441 2121 609 2169 pacem
634 2106 801 2170 eligitis
821 2108 872 2157 ὅ(
898 2107 1109 2171 quietem
1205 2113 1222 2148 ἑ
1324 2110 1374 2158 ὅ(
1392 2110 1506 2157 ‘ideo
1520 2124 1688 2174 pacem
1711 2109 1899 2173 diligitis
1916 2111 1964 2158 ἃ
1985 2112 2210 2174 quietem.

237 2172 359 2232 Sane
381 2200 398 2210 -
433 2200 451 2208 -
483 2187 583 2220 non
607 2173 881 2221 inveniretis
904 2175 1117 2237 requiem
1215 2206 1232 2214 -
1323 2176 1447 2224 Sane
1481 2206 1500 2214 -
1535 2200 1554 2210 ·
1585 2192 1684 2224 non
1706 2177 1957 2225 invenietis
1977 2178 2205 2241 requiem.
2240 2176 2244 2188 ¹

236 2246 290 2287 u‘t
310 2246 569 2303 reponatur
590 2239 637 2286 in
658 2240 834 2286 horreo
1085 2271 1104 2279 -
1325 2250 1380 2290 ut
1397 2250 1657 2306 reponatur
1677 2245 1724 2290 in
1737 2243 1976 2291 horreum.

235 2306 447 2370 legitima
470 2302 792 2370 resignationis
816 2305 1000 2354 occafio
1172 2329 1192 2341 ·
1324 2309 1535 2374 legitima
1567 2308 1888 2371 resignationis
1910 2309 2058 2357 causa.

231 2371 571 2421 Ecclefiasticos
596 2375 806 2420 honores
830 2373 1035 2422 olfacere
1166 2402 1185 2411 -
1319 2373 1659 2423 Eeclesiasticos
1679 2377 1890 2423 honores
1922 2374 2158 2425 affectare.

236 2441 287 2489 δε
316 2440 375 2486 ad
395 2440 523 2486 hunc
543 2440 779 2486 honorem
796 2471 811 2496 ,
835 2441 914 2504 qui
1114 2470 1134 2479 ·
1320 2441 1371 2491 ὅ(
1390 2442 1544 2489 adhuc
1568 2442 1923 2506 honorem,qui
1975 2463 1978 2466 ·

237 2522 328 2555 vos
353 2507 505 2553 minus
526 2507 813 2553 canonicum
839 2505 1046 2555 habuisse
1217 2537 1235 2548 -
1319 2523 1408 2557 vos
1431 2510 1585 2556 minus
1609 2510 1894 2557 canonicum
1906 2506 2037 2558 fuiffe

235 2575 294 2622 ad
314 2581 498 2620 aeternae
520 2572 670 2621 salutis
694 2574 907 2629 brauium
927 2574 977 2622 in
998 2588 1174 2623 vanum
1191 2574 1234 2623 se
1267 2603 1286 2613 -
1318 2578 1366 2624 in
1390 2590 1565 2625 vanum
1586 2576 1629 2624 se
1650 2576 1817 2641 fatigat

321 2640 403 2687 fati
441 2647 488 2687 at
2123 2674 2126 2677 ⁴

245 2655 666 2770 Santragcogitatio
687 2704 810 2755 faeta
841 2706 902 2755 de
923 2706 1231 2774 Episcopatus
1266 2732 1284 2742 ·
1319 2707 1490 2758 SanCta
1523 2733 1541 2743 -
1576 2710 1837 2775 cogitati0‚
1858 2707 1981 2760 faeta
2009 2709 2256 2777 Episcopa-

185 2795 187 2797 ·
311 2771 534 2830 ceffione,
1330 2774 1336 2779 ’
1386 2787 1461 2825 tus
1484 2775 1708 2835 ceffione‚

236 2842 443 2889 obtentu
462 2839 594 2890 fuiffe
616 2839 695 2890 vel
717 2841 971 2891 inmodico
996 2839 1209 2892 vulnera·
1240 2873 1255 2882 -
1313 2845 1516 2894 obtentu
1535 2847 1585 2894 in
1606 2845 1799 2897 modico
1810 2842 2121 2895 vulneratam.

317 2914 418 2955 tam

235 2971 454 3024 observat
481 2972 625 3024 etiam
654 2997 673 3008 -
708 2974 984 3027 calcaneum
1010 2973 1230 3039 vest-rum,
1262 3002 1283 3013 -
1317 2978 1538 3030 observat
1566 3005 1586 3015 ·
1615 3009 1635 3023 ·
1670 2977 1971 3041 calcaneum,
1990 2978 2042 3031 ἀ
2072 3001 2095 3020 ⁶
2123 3001 2142 3014 -
2173 2990 2254 3026 ex·

315 3040 364 3091 &
434 3077 448 3091 .
485 3074 498 3089 .
533 3058 623 3094 vos
645 3041 869 3108 expectat
1385 3045 1580 3111 speetat-

1300 3109 1419 3170 RF?
1449 3126 1479 3163 2
2189 3123 2253 3159 ne
