2471 3463
34 234 36 236 ,
106 228 149 262 2-
171 201 484 274 Capfflebmbe
496 202 712 267 ffiepsqge,
915 170 919 171 ⁷
1009 203 1114 250 ”08²
1137 196 1201 243 St.
1214 195 1340 272 Petri
1354 190 1561 250 Z'xt‘rcbe.
2141 197 2236 260 slot

2117 279 2237 288 .-—-—-

39 324 166 373 Hinc
190 315 256 368 est
278 317 518 384 quod-'nos
540 313 721 362 Vicarii
741 306 965 357 antediffi
989 320 1376 371 unum-quemque
1400 306 1706 353 Confratrem
1727 309 1933 356 nostrum
1948 326 2002 357 ac
2027 308 2240 371 ejusdem

41 375 386 438 concordiae'a’c
408 380 713 430 fraternitatis
733 377 1002 433 consortem
1027 377 1085 422 ad
1107 374 1228 422 dicta
1253 373 1440 438 pietatis
1463 387 1608 437 opera
1623 374 2240 441 exhortamurstingulisque

39 454 169 507 annis
194 459 414 517 tempore
437 447 723 513 congruenti
744 461 833 511 pro
853 444 1094 500 nobismet
1115 441 1218 506 ipsis
1239 442 1287 487 in
1314 439 1560 505 saepedis'ca
1583 439 1875 489 fraternitate
1889 443 2148 492 constitutis
2175 452 2242 503 at-

39 517 131 588 ‘que
157 517 536 569 benesafi'toribus
556 517 676 564 vivis
702 513 751 562 &
774 508 1031 566 defun&18‚
1068 511 1146 573 qui
1168 508 1305 555 nobis
1330 508 1428 555 suas
1453 506 1843 571 eleemosynas&
1864 525 2027 557 manus
2051 508 2240 574 adjutri-

39 592 117 638 'ces'
139 592 479 654 porrexerunt,
517 584 577 631 ad
599 582 852 646 legendum
875 578 922 627 ὃ(
945 580 1178 624 orandum
1201 583 1294 623 tres
1318 573 1470 622 missas
1486 574 1730 632 >sinceriter
1742 574 2045 638 astringimus.
2113 579 2240 643 Q‘am

36 666 141 705 rum
163 671 257 702 una
280 655 368 700 erit
389 668 477 717 pro
497 651 735 698 nobismet
758 647 862 712 ipsis
885 646 944 692 de
970 644 1122 692 saneta
1135 643 1371 704 Trinitate
1386 675 1400 698 ·,
1416 658 1524 690 cum
1548 639 1759 689 colleffls
1782 642 1866 689 suis
1892 644 2105 690 Defende
2121 660 2240 709 quae-

39 724 193 772 sumus
205 719 616 770 Domine&Deus
639 716 717 781 qui
730 710 933 762 caritatis
958 713 1099 758 dona.
1168 710 1275 758 Alia
1300 726 1388 775 pro
1415 709 1794 758 benefafftoribus
1815 710 1935 758 vivis
1959 710 2016 756 de
2039 712 2242 762 Domina

2 778 5 782 i
37 789 218 846 nostra,
254 804 346 836 una
366 803 474 835 cum
497 782 732 832 colleetis:
766 782 940 829 Inclina
963 779 1172 826 Domine
1197 793 1330 836 aures
1355 786 1445 825 tuae
1459 778 1674 841 pietatis,
1697 777 1936 834 velDeuS,
1956 779 2033 841 qui
2050 777 2154 842 post
2168 779 2243 824 ba-

36 853 280 924 ptumum,
318 855 394 903 vel
417 853 723 916 omnipotens
746 848 1029 913 sempiterne
1051 848 1181 894 Deus
1205 848 1284 911 qui
1304 846 1554 906 vivorum3
1573 846 1734 892 Tertia
1747 860 1833 910 pro
1863 845 2242 893 benefacitoribus

37 923 292 981 dffunffis,
310 926 388 986 qui
410 921 546 966 adhuc
562 920 862 980 inpurgatorio
882 915 1072 976 degunt,
1098 930 1205 962 cum
1231 912 1430 961 collefita
1450 913 1574 959 beati
1595 912 1746 969 Petri,
1766 913 1894 959 Deus
1921 909 2052 975 cujus
2078 913 2244 960 miseri-

39 992 204 1040 cordie
228 978 328 1038 non
349 988 414 1036 est
449 985 551 1033 finis
574 986 620 1034 &
644 984 852 1032 fidelium
863 984 995 1030 Deus
1009 990 1063 1030 ut
1085 982 1112 1028 a
1135 981 1376 1046 perpetuis
1397 981 1577 1044 ignium
1600 980 1879 1027 cruciatibus
1900 979 2140 1027 tranfitum
2163 979 2244 1026 ha-

37 1060 149 1107 bere
172 1047 438 1105 mercantur
459 1055 507 1100 in
529 1053 742 1117 requiem
763 1056 1003 1098 aeternam.
1076 1048 1250 1096 Infirmi
1268 1048 1347 1104 vel
1370 1047 1478 1096 alias
1499 1047 1708 1112 legitime
1733 1049 1945 1111 impediti
1960 1081 1973 1104 a
1995 1051 2072 1112 qui
2086 1044 2244 1111 hujus-

36 1127 168 1185 modi
209 1121 358 1185 miffas
401 1120 710 1187 personaliter
750 1135 852 1167 non
887 1116 1052 1168 valent
1092 1116 1329 1165 celebrare
1376 1131 1464 1181 per
1490 1115 1606 1164 alios
1639 1115 1905 1180 sacerdotes
1941 1115 2153 1180 supplere
2176 1126 2246 1162 te-

35 1200 223 1241 nentur.
1292 1211 1297 1214 ·

23 1314 30 1319 „
234 1259 354 1306 Item
385 1259 443 1306 ad
466 1255 801 1304 executionem
823 1251 1059 1301 miffarum
1081 1252 1379 1317 praefatarum
1406 1250 1675 1300 faciendam
1702 1251 1953 1316 cujuslibet
1974 1249 2242 1298 nostrorum

40 1326 349 1380 Confratrum
373 1325 730 1373 Conscientiam
757 1336 1025 1370 oneramus.

103 1437 171 1477 De.
191 1429 457 1476 ustionibus
485 1425 534 1470 Εἴ
553 1426 746 1487 exequiis
762 1424 982 1484 faciendis
997 1424 1198 1484 fimilz'teqr
1218 1418 1409 1485 depoem’s
1429 1423 1672 1484 infligendis
1694 1422 1778 1468 hiis
1793 1452 1807 1476 ,
1837 1423 1918 1484 qui
1944 1439 2026 1468 non
2043 1423 2178 1468 inter-

344 1497 449 1555 sunt
470 1494 760 1549 unffionffius,
791 1494 987 1553 exequiis
1010 1490 1060 1535 ὅ
1080 1492 1361 1537 oblationibus
1382 1494 1658 1553 Confi-atrum
1675 1492 1924 1553 ptstrorum.

139 1627 145 1633 ,
238 1580 357 1625 Item
377 1575 637 1623 multorum
660 1572 926 1621 nostrorum
950 1572 1261 1620 Confratrum
1284 1574 1586 1621 Vicariorum
1609 1580 1951 1638 perpetuorum
1984 1569 2117 1619 ditiae
2136 1570 2261 1622 Stae„

5 1679 10 1684 -
38 1642 248 1693 Ecclefiae
268 1644 394 1691 Petri
415 1644 473 1689 de
498 1657 700 1706 quorum
726 1641 938 1704 exequiis
962 1640 1179 1688 tenendis
1195 1641 1601 1688 modicaintentio
1617 1642 1742 1705 apud
1756 1639 2035 1686 Confratres
2057 1635 2241 1701 nostros

38 1712 104 1759 est
124 1711 308 1759 alterius
331 1711 490 1758 habita
510 1740 526 1764 ,ψ
561 1706 673 1771 quin
703 1708 846 1753 etiam
875 1708 1052 1770 absque
1076 1706 1384 1753 Confratrum
1404 1707 1671 1755 nostrorum
1684 1707 2064 1755 convicariorum
2089 1703 2244 1752 suffra-

34 1780 118 1844 giis
139 1776 445 1826 decesserunt.
548 1777 859 1841 Qapropter
891 1774 939 1820 in
970 1770 1243 1834 hujusmodi
1275 1774 1471 1821 fratrum
1494 1776 1692 1838 negotio
1719 1775 1796 1839 pie
1821 1772 2243 1828 concordavimus,

38 1848 166 1910 quod
187 1847 409 1908 deinceps
432 1843 513 1891 sub
537 1858 681 1906 poena
703 1838 837 1888 u'nius
861 1840 1060 1887 dimidiae
1074 1839 1199 1887 librae
1222 1856 1340 1890 cerae
1361 1842 1511 1889 nullus
1521 1843 1823 1890 Vicariorum
1847 1843 1906 1889 de
1925 1841 2141 1888 fratribus
2158 1855 2244 1887 no-

38 1913 136 1961 stris
158 1913 216 1959 ab
239 1909 466 1959 unetione
490 1918 702 1957 extrema
724 1907 868 1955 nostri
890 1907 1156 1954 Confratris
1177 1906 1347 1956 infirmi
1367 1941 1381 1964 ‚
1414 1909 1443 1955 s1
1465 1922 1552 1974 per
1578 1909 1794 1957 custodes
1814 1908 2016 1967 ecclesiae
2037 1907 2242 1972 praefatae

38 1979 117 2028 vel
142 1979 257 2027 alios
280 1980 474 2032 nuntios
497 1983 696 2027 vocatus
717 1975 860 2022 fuerit
883 1975 1123 2022 absentare
1149 1976 1319 2032 debet,
1338 1976 1415 2023 nisi
1435 1976 1675 2025 infirmitas
1689 2010 1703 2034 ³
1721 1975 1875 2024 noetis
1896 1977 2151 2023 obscuritas
2164 1973 2244 2021 vel

39 2047 123 2095 alia
144 2044 429 2093 rationabilis
453 2044 587 2092 causa
606 2051 716 2090 eum
737 2042 1030 2091 excusaverit
1052 2075 1068 2098 ,
1105 2057 1207 2106 quae
1227 2044 1418 2106 quidem
1449 2046 1688 2093 excusatio
1721 2053 1837 2091 tunc
1860 2059 1944 2108 per
1962 2041 2242 2106 praesentem

37 2116 256 2171 nuntium
277 2120 565 2168 vocantem,
582 2109 662 2159 vel
684 2111 743 2156 de
765 2109 870 2174 post
892 2125 979 2173 per
999 2109 1145 2156 semet
1166 2110 1315 2174 ipsum
1340 2111 1505 2159 nostris
1529 2113 1730 2160 Vicariis
1751 2111 1830 2158 vel
1850 2109 2101 2174 Deputatis
2118 2108 2241 2154 noti-

38 2179 167 2227 ficari
193 2176 364 2235 debet,
388 2179 418 2226 fi
439 2176 742 2226 rationalibus
765 2178 911 2224 fuerit
933 2176 1209 2234 excusetur,
1230 2178 1258 2224 fi
1280 2193 1399 2226 vero
1420 2180 1710 2227 contrarium
1732 2177 2004 2233 innotescit,
2020 2174 2244 2228 Distribu-

39 2246 466 2295 torMemoriarum
478 2243 749 2308 hujusmodi
775 2259 967 2308 poenam
990 2244 1048 2291 ab
1071 2259 1131 2290 eo
1151 2244 1420 2308 postulabit.

156 2348 162 2350 μ
234 2313 355 2360 Item
393 2311 597 2360 fimiliter
629 2312 680 2359 in
701 2311 887 2375 Vigiliis
920 2310 1132 2359 defunffi
1167 2312 1285 2361 &in
1308 2313 1385 2359 die
1406 2315 1709 2376 exequiarum·
1740 2309 1883 2358 nostri
1905 2308 2170 2358 Constatris
2191 2309 2240 2356 in
2298 2318 2300 2320 ’

33 2380 313 2443 Hamburgo
338 2380 612 2427 decedentis
635 2379 684 2426 in
707 2377 836 2425 miffa
863 2377 1195 2427 defunctorum
1216 2395 1305 2442 pro
1323 2394 1381 2426 eo
1394 2380 1669 2426 celebranda
1684 2386 1808 2435 ,tam
1827 2379 1874 2425 in
1895 2375 2017 2425 dieta
2038 2377 2239 2425 Ecclesia

37 2447 101 2493 St.
116 2447 269 2502 Petri,
303 2461 444 2508 quam
465 2447 513 2491 in
524 2444 727 2492 Ecclesia
750 2446 799 2493 B.
815 2446 974 2492 Mariae
998 2446 1210 2508 VirgInis
1230 2446 1573 2509 Hamburgenli
1593 2444 1764 2493 offerre
1778 2444 1975 2509 &ipsius
1997 2459 2166 2508 corpus
2180 2444 2246 2491 ad

41 2511 284 2561 ecclesiam
308 2513 656 2575 deportandum
678 2511 727 2559 ὃς
749 2511 1061 2559 ecclesiasticae
1085 2512 1332 2575 sepulturae
1355 2514 1634 2559 tradendum
1656 2513 1703 2560 se
1726 2520 2003 2577 promptum
2029 2527 2084 2559 ac
2107 2527 2238 2575 para-

38 2588 140 2628 tum
165 2578 422 2626 exhibebit.
493 2575 642 2642 Qod
667 2576 798 2622 Deus·
818 2584 1025 2632 avertat,
1039 2577 1069 2622 fi
1091 2579 1194 2639 quis
1213 2581 1503 2627 contrarium
1526 2580 1718 2636 fecerit,
1739 2580 1789 2627 in
1810 2579 1978 2644 vigiliis
1996 2579 2240 2627 dimidiam

39 2647 201 2696 libram
231 2659 349 2693 cerae
362 2678 379 2702 .‚
397 2643 598 2693 similiter
618 2643 669 2689 in
689 2641 818 2691 miffa
840 2642 1172 2692 defunctorum
1194 2644 1244 2694 ὅ(
1261 2643 1517 2694 offertoriis
1535 2648 1779 2696 >dimidiam
1798 2647 1964 2695 libram
1984 2661 2105 2694 cerae
2122 2648 2237 2694 dare

41 2721 247 2764 tenetur.
1626 2715 1637 2725 ‘

235 2778 355 2828 Item
378 2778 520 2827 nostri
543 2777 822 2827 Confratres
842 2777 1021 2827 Vicarii
1039 2778 1259 2843 Juniores
1287 2797 1459 2847 corpus
1491 2782 1702 2832 defunffi
1727 2784 1784 2830 ad
1816 2781 2099 2846 sepulturam
2121 2776 2235 2827 cum

41 2847 135 2896 aliis
158 2848 436 2895 convicariis
457 2845 622 2894 nostris
656 2847 1026 2910 praecedentibus
1052 2850 1245 2910 portare
1261 2850 1472 2908 debent,
1506 2852 1554 2901 ὃς
1579 2849 1814 2898 tumulare
1834 2865 1935 2897 non
1956 2849 2251 2896 recedendo

42 2915 104 2972 de
120 2914 329 2979 [epulcro
343 2946 361 2972 ⁷
393 2915 549 2961 donec
571 2915 930 2963 commendatio
952 2915 1164 2979 corporis
1184 2922 1319 2964 terrae
1340 2917 1490 2965 existit
1511 2952 1529 2976 ‚.
1563 2933 1711 2983 poen-a
1732 2917 1814 2965 sub
1833 2914 2075 2981 praemiffa.
2217 2925 2227 2928 “

238 2997 358 3044 Item
379 3029 399 3054 ⁷
428 2997 602 3044 eodem*
623 2998 777 3045 modo
793 2999 891 3063 ipso
917 2998 995 3045 die
1017 2998 1342 3049 tumulationis
1361 3002 1439 3050 vel
1461 3002 1554 3049 alio·
1571 3002 1647 3049 elie
1669 3009 1973 3065 opportuno,
1995 2996 2136 3062 juxta
2159 3013 2232 3044 or-

47 3063 333 3141 dinationem
355 3063 652 3128 provisorum.
671 3065 918 3113 Memoriae
937 3065 1106 3129 vigiliae'
1127 3067 1329 3191 magenes
1353 3068 1685 3145 defunfitorum
1709 3065 1969 3132 specialiter
1980 3081 2066 3131 pro
2088 3065 2233 3177 fragg

1047 3157 1053 3160 Α
1295 3149 1317 3196 3
2070 3146 2133 3176 no
