<?xml version="1.0" encoding="UTF-8"?>
<!DOCTYPE html PUBLIC "-//W3C//DTD XHTML 1.0 Transitional//EN"
    "http://www.w3.org/TR/xhtml1/DTD/xhtml1-transitional.dtd">
<html xmlns="http://www.w3.org/1999/xhtml" xml:lang="en" lang="en">
 <head>
  <title>
</title>
<meta http-equiv="Content-Type" content="text/html;charset=utf-8" />
  <meta name='ocr-system' content='tesseract 3.04.00' />
  <meta name='ocr-capabilities' content='ocr_page ocr_carea ocr_par ocr_line ocrx_word'/>
</head>
<body>
  <div class='ocr_page' id='page_1' title='image "./historiaecclesia03stap_0872.png"; bbox 0 0 2471 3463; ppageno 0'>
   <div class='ocr_carea' id='block_1_1' title="bbox 208 211 2407 312">
    <p class='ocr_par' dir='ltr' id='par_1_1' title="bbox 208 211 2407 312">
     <span class='ocr_line' id='line_1_1' title="bbox 208 211 2407 312; baseline -0.001 -24"><span class='ocrx_word' id='word_1_1' title='bbox 208 236 314 301; x_wconf 70' lang='lat' dir='ltr'>m</span> <span class='ocrx_word' id='word_1_2' title='bbox 847 248 850 267; x_wconf 79' lang='lat'>³</span> <span class='ocrx_word' id='word_1_3' title='bbox 935 227 1328 303; x_wconf 62' lang='lat' dir='ltr'>urtunomqnb</span> <span class='ocrx_word' id='word_1_4' title='bbox 1342 230 1694 309; x_wconf 55' lang='lat' dir='ltr'>&amp;nebridum</span> <span class='ocrx_word' id='word_1_5' title='bbox 1845 240 1850 253; x_wconf 62' lang='lat'><em>³</em></span> <span class='ocrx_word' id='word_1_6' title='bbox 2048 214 2050 216; x_wconf 55' lang='grc'>’</span> <span class='ocrx_word' id='word_1_7' title='bbox 2106 211 2348 312; x_wconf 50' lang='lat' dir='ltr'>³ssP-ffl&#39;0t3·</span> <span class='ocrx_word' id='word_1_8' title='bbox 2404 299 2407 302; x_wconf 21' lang='grc' dir='ltr'>Ι</span> 
     </span>
    </p>
   </div>
   <div class='ocr_carea' id='block_1_2' title="bbox 203 320 2471 2970">
    <p class='ocr_par' dir='ltr' id='par_1_2' title="bbox 203 320 2471 2970">
     <span class='ocr_line' id='line_1_2' title="bbox 213 320 2411 339; baseline 0 -1"><span class='ocrx_word' id='word_1_9' title='bbox 213 320 1443 339; x_wconf 49' lang='lat' dir='ltr'>w*—</span> <span class='ocrx_word' id='word_1_10' title='bbox 1461 321 2411 338; x_wconf 70' lang='lat'>——-——-——-—-——-——--——.-</span> 
     </span>
     <span class='ocr_line' id='line_1_3' title="bbox 210 350 2471 418; baseline -0.001 -14"><span class='ocrx_word' id='word_1_11' title='bbox 210 354 262 404; x_wconf 60' lang='lat' dir='ltr'>a&lt;</span> <span class='ocrx_word' id='word_1_12' title='bbox 276 367 354 401; x_wconf 88' lang='lat' dir='ltr'>me</span> <span class='ocrx_word' id='word_1_13' title='bbox 368 353 623 401; x_wconf 86' lang='lat' dir='ltr'>Notarium</span> <span class='ocrx_word' id='word_1_14' title='bbox 636 350 898 416; x_wconf 72' lang='lat' dir='ltr'>requisivit,</span> <span class='ocrx_word' id='word_1_15' title='bbox 929 358 983 398; x_wconf 91' lang='lat' dir='ltr'>ut</span> <span class='ocrx_word' id='word_1_16' title='bbox 997 352 1138 415; x_wconf 86' lang='lat' dir='ltr'>ipsam</span> <span class='ocrx_word' id='word_1_17' title='bbox 1155 351 1591 400; x_wconf 75' lang='lat' dir='ltr'>transscriberem&amp;</span> <span class='ocrx_word' id='word_1_18' title='bbox 1606 351 1654 398; x_wconf 82' lang='lat' dir='ltr'>in</span> <span class='ocrx_word' id='word_1_19' title='bbox 1665 350 1868 399; x_wconf 86' lang='lat' dir='ltr'>formam</span> <span class='ocrx_word' id='word_1_20' title='bbox 1885 351 2119 416; x_wconf 84' lang='lat' dir='ltr'>publicam</span> <span class='ocrx_word' id='word_1_21' title='bbox 2134 353 2416 417; x_wconf 85' lang='lat' dir='ltr'><strong>redigerem,</strong></span> <span class='ocrx_word' id='word_1_22' title='bbox 2467 408 2471 418; x_wconf 34' lang='grc'>1</span> 
     </span>
     <span class='ocr_line' id='line_1_4' title="bbox 209 415 2381 486; baseline -0.003 -17"><span class='ocrx_word' id='word_1_23' title='bbox 209 417 343 486; x_wconf 84' lang='lat' dir='ltr'>cujus</span> <span class='ocrx_word' id='word_1_24' title='bbox 359 425 576 469; x_wconf 88' lang='lat' dir='ltr'>tenorem</span> <span class='ocrx_word' id='word_1_25' title='bbox 591 420 649 466; x_wconf 91' lang='lat' dir='ltr'>de</span> <span class='ocrx_word' id='word_1_26' title='bbox 662 420 813 467; x_wconf 89' lang='lat' dir='ltr'>verbo</span> <span class='ocrx_word' id='word_1_27' title='bbox 827 420 885 466; x_wconf 89' lang='lat' dir='ltr'>ad</span> <span class='ocrx_word' id='word_1_28' title='bbox 898 419 1097 467; x_wconf 89' lang='lat' dir='ltr'>verbum</span> <span class='ocrx_word' id='word_1_29' title='bbox 1113 417 1316 481; x_wconf 88' lang='lat' dir='ltr'>sequitur</span> <span class='ocrx_word' id='word_1_30' title='bbox 1328 417 1376 467; x_wconf 71' lang='grc' dir='ltr'>ὅ(</span> <span class='ocrx_word' id='word_1_31' title='bbox 1391 415 1455 465; x_wconf 90' lang='lat' dir='ltr'>est</span> <span class='ocrx_word' id='word_1_32' title='bbox 1469 417 1583 465; x_wconf 77' lang='lat' dir='ltr'>talis,</span> <span class='ocrx_word' id='word_1_33' title='bbox 2178 418 2180 421; x_wconf 85' lang='grc'><strong>’</strong></span> <span class='ocrx_word' id='word_1_34' title='bbox 2307 461 2320 467; x_wconf 32' lang='grc' dir='ltr'><em>Ι</em></span> <span class='ocrx_word' id='word_1_35' title='bbox 2362 419 2381 451; x_wconf 77' lang='grc' dir='ltr'>-ἑ</span> 
     </span>
     <span class='ocr_line' id='line_1_5' title="bbox 385 482 2420 549; baseline -0.001 -14"><span class='ocrx_word' id='word_1_36' title='bbox 385 482 622 535; x_wconf 75' lang='lat' dir='ltr'>Abbertus</span> <span class='ocrx_word' id='word_1_37' title='bbox 660 488 717 548; x_wconf 87' lang='lat' dir='ltr'>d)</span> <span class='ocrx_word' id='word_1_38' title='bbox 755 486 843 534; x_wconf 90' lang='lat' dir='ltr'>Dei</span> <span class='ocrx_word' id='word_1_39' title='bbox 868 485 919 535; x_wconf 74' lang='grc' dir='ltr'>ὅ(</span> <span class='ocrx_word' id='word_1_40' title='bbox 942 483 1217 549; x_wconf 89' lang='lat' dir='ltr'>Apostolice</span> <span class='ocrx_word' id='word_1_41' title='bbox 1243 485 1355 531; x_wconf 76' lang='lat' dir='ltr'>sedis</span> <span class='ocrx_word' id='word_1_42' title='bbox 1375 486 1522 548; x_wconf 84' lang='lat' dir='ltr'>gratia</span> <span class='ocrx_word' id='word_1_43' title='bbox 1537 483 1701 533; x_wconf 64' lang='lat' dir='ltr'>santia:</span> <span class='ocrx_word' id='word_1_44' title='bbox 1721 482 1976 531; x_wconf 85' lang='lat' dir='ltr'>Bremenfis</span> <span class='ocrx_word' id='word_1_45' title='bbox 2004 482 2197 531; x_wconf 77' lang='lat' dir='ltr'>ecclesie</span> <span class='ocrx_word' id='word_1_46' title='bbox 2220 482 2420 533; x_wconf 82' lang='lat' dir='ltr'>Archie·</span> 
     </span>
     <span class='ocr_line' id='line_1_6' title="bbox 205 548 2419 621; baseline -0.002 -18"><span class='ocrx_word' id='word_1_47' title='bbox 205 553 427 621; x_wconf 84' lang='lat' dir='ltr'>piscopus</span> <span class='ocrx_word' id='word_1_48' title='bbox 445 555 642 619; x_wconf 13' lang='lat' dir='ltr'>adssquos</span> <span class='ocrx_word' id='word_1_49' title='bbox 665 552 915 617; x_wconf 85' lang='lat' dir='ltr'>praesentes</span> <span class='ocrx_word' id='word_1_50' title='bbox 936 552 1071 599; x_wconf 90' lang='lat' dir='ltr'>litere</span> <span class='ocrx_word' id='word_1_51' title='bbox 1091 552 1372 599; x_wconf 80' lang='lat' dir='ltr'>advenerint</span> <span class='ocrx_word' id='word_1_52' title='bbox 1393 550 1584 598; x_wconf 89' lang='lat' dir='ltr'>salutem</span> <span class='ocrx_word' id='word_1_53' title='bbox 1599 552 1645 598; x_wconf 90' lang='lat' dir='ltr'>in</span> <span class='ocrx_word' id='word_1_54' title='bbox 1660 552 1770 597; x_wconf 88' lang='lat' dir='ltr'>Dno</span> <span class='ocrx_word' id='word_1_55' title='bbox 1784 550 1886 613; x_wconf 88' lang='lat' dir='ltr'>Jesu</span> <span class='ocrx_word' id='word_1_56' title='bbox 1902 548 2105 597; x_wconf 76' lang='lat' dir='ltr'>Christo·</span> <span class='ocrx_word' id='word_1_57' title='bbox 2117 549 2292 598; x_wconf 90' lang='lat' dir='ltr'>Petitio</span> <span class='ocrx_word' id='word_1_58' title='bbox 2307 552 2419 600; x_wconf 90' lang='lat' dir='ltr'>dile-</span> 
     </span>
     <span class='ocr_line' id='line_1_7' title="bbox 207 616 2417 683; baseline -0.003 -11"><span class='ocrx_word' id='word_1_59' title='bbox 207 621 394 672; x_wconf 67' lang='lat' dir='ltr'>&amp;torum</span> <span class='ocrx_word' id='word_1_60' title='bbox 417 619 622 669; x_wconf 87' lang='lat' dir='ltr'>filiorum</span> <span class='ocrx_word' id='word_1_61' title='bbox 645 620 859 668; x_wconf 80' lang='lat' dir='ltr'>Wilkini</span> <span class='ocrx_word' id='word_1_62' title='bbox 884 619 934 668; x_wconf 76' lang='grc' dir='ltr'>ὅ(</span> <span class='ocrx_word' id='word_1_63' title='bbox 956 618 1206 666; x_wconf 84' lang='lat' dir='ltr'>Wolerici</span> <span class='ocrx_word' id='word_1_64' title='bbox 1232 618 1431 683; x_wconf 90' lang='lat' dir='ltr'>Lappen</span> <span class='ocrx_word' id='word_1_65' title='bbox 1453 618 1737 665; x_wconf 86' lang='lat' dir='ltr'>famulorum</span> <span class='ocrx_word' id='word_1_66' title='bbox 1751 616 2060 664; x_wconf 77' lang='lat' dir='ltr'>bremensium</span> <span class='ocrx_word' id='word_1_67' title='bbox 2074 616 2327 665; x_wconf 82' lang='lat' dir='ltr'>diocesium</span> <span class='ocrx_word' id='word_1_68' title='bbox 2363 620 2417 683; x_wconf 87' lang='lat' dir='ltr'>e)</span> 
     </span>
     <span class='ocr_line' id='line_1_8' title="bbox 206 681 2418 751; baseline -0.002 -14"><span class='ocrx_word' id='word_1_69' title='bbox 206 689 489 738; x_wconf 80' lang='lat' dir='ltr'>continebat</span> <span class='ocrx_word' id='word_1_70' title='bbox 513 702 606 751; x_wconf 90' lang='lat' dir='ltr'>que</span> <span class='ocrx_word' id='word_1_71' title='bbox 630 693 858 735; x_wconf 87' lang='lat' dir='ltr'>contenta</span> <span class='ocrx_word' id='word_1_72' title='bbox 881 687 929 733; x_wconf 86' lang='lat' dir='ltr'>in</span> <span class='ocrx_word' id='word_1_73' title='bbox 949 685 1172 748; x_wconf 87' lang='lat' dir='ltr'>scriptura</span> <span class='ocrx_word' id='word_1_74' title='bbox 1206 684 1331 750; x_wconf 80' lang='lat' dir='ltr'>figilli</span> <span class='ocrx_word' id='word_1_75' title='bbox 1363 685 1417 746; x_wconf 89' lang='lat' dir='ltr'>f)</span> <span class='ocrx_word' id='word_1_76' title='bbox 1464 700 1629 732; x_wconf 84' lang='lat' dir='ltr'>eorum</span> <span class='ocrx_word' id='word_1_77' title='bbox 1655 683 1846 748; x_wconf 81' lang='lat' dir='ltr'>sigillata</span> <span class='ocrx_word' id='word_1_78' title='bbox 1871 681 2004 746; x_wconf 84' lang='lat' dir='ltr'>cujus</span> <span class='ocrx_word' id='word_1_79' title='bbox 2028 683 2252 748; x_wconf 81' lang='lat' dir='ltr'>scripture</span> <span class='ocrx_word' id='word_1_80' title='bbox 2275 691 2418 734; x_wconf 77' lang='lat' dir='ltr'>tenor</span> 
     </span>
     <span class='ocr_line' id='line_1_9' title="bbox 204 749 2421 816; baseline -0.003 -11"><span class='ocrx_word' id='word_1_81' title='bbox 204 766 308 805; x_wconf 81' lang='lat' dir='ltr'>erat</span> <span class='ocrx_word' id='word_1_82' title='bbox 320 755 438 805; x_wconf 87' lang='lat' dir='ltr'>talis.</span> <span class='ocrx_word' id='word_1_83' title='bbox 462 754 790 803; x_wconf 85' lang='lat' dir='ltr'>UNIVERSIS</span> <span class='ocrx_word' id='word_1_84' title='bbox 804 750 978 800; x_wconf 90' lang='lat' dir='ltr'>Christi</span> <span class='ocrx_word' id='word_1_85' title='bbox 999 749 1212 800; x_wconf 89' lang='lat' dir='ltr'>fidelibus</span> <span class='ocrx_word' id='word_1_86' title='bbox 1228 767 1428 816; x_wconf 88' lang='lat' dir='ltr'>quorum</span> <span class='ocrx_word' id='word_1_87' title='bbox 1451 750 1724 816; x_wconf 71' lang='lat' dir='ltr'>conspe&amp;ui</span> <span class='ocrx_word' id='word_1_88' title='bbox 1739 750 1970 815; x_wconf 77' lang='lat' dir='ltr'>presentia</span> <span class='ocrx_word' id='word_1_89' title='bbox 1983 750 2273 814; x_wconf 86' lang='lat' dir='ltr'>contingerit</span> <span class='ocrx_word' id='word_1_90' title='bbox 2283 751 2421 802; x_wconf 87' lang='lat' dir='ltr'>exhi-</span> 
     </span>
     <span class='ocr_line' id='line_1_10' title="bbox 203 815 2419 884; baseline -0.002 -13"><span class='ocrx_word' id='word_1_91' title='bbox 203 820 308 872; x_wconf 80' lang='lat' dir='ltr'>beri</span> <span class='ocrx_word' id='word_1_92' title='bbox 342 824 444 870; x_wconf 89' lang='lat' dir='ltr'>Nos</span> <span class='ocrx_word' id='word_1_93' title='bbox 473 820 732 869; x_wconf 83' lang='lat' dir='ltr'>Wilkinus</span> <span class='ocrx_word' id='word_1_94' title='bbox 764 819 813 868; x_wconf 64' lang='grc' dir='ltr'>ὅ(</span> <span class='ocrx_word' id='word_1_95' title='bbox 844 817 1134 866; x_wconf 83' lang='lat' dir='ltr'>Wolericus</span> <span class='ocrx_word' id='word_1_96' title='bbox 1162 819 1363 884; x_wconf 87' lang='lat' dir='ltr'>Lappen</span> <span class='ocrx_word' id='word_1_97' title='bbox 1384 819 1545 867; x_wconf 89' lang='lat' dir='ltr'>famuli</span> <span class='ocrx_word' id='word_1_98' title='bbox 1571 819 1874 883; x_wconf 78' lang='lat' dir='ltr'>petrochiani</span> <span class='ocrx_word' id='word_1_99' title='bbox 1907 822 1961 881; x_wconf 84' lang='lat' dir='ltr'>g)</span> <span class='ocrx_word' id='word_1_100' title='bbox 1998 817 2046 865; x_wconf 86' lang='lat' dir='ltr'>in</span> <span class='ocrx_word' id='word_1_101' title='bbox 2068 815 2269 865; x_wconf 74' lang='lat' dir='ltr'>Gro‘den</span> <span class='ocrx_word' id='word_1_102' title='bbox 2292 823 2419 866; x_wconf 86' lang='lat' dir='ltr'>terre</span> 
     </span>
     <span class='ocr_line' id='line_1_11' title="bbox 204 883 2418 950; baseline -0 -14"><span class='ocrx_word' id='word_1_103' title='bbox 204 889 458 940; x_wconf 80' lang='lat' dir='ltr'>Hadelarie</span> <span class='ocrx_word' id='word_1_104' title='bbox 495 885 745 938; x_wconf 80' lang='lat' dir='ltr'>bremensis</span> <span class='ocrx_word' id='word_1_105' title='bbox 776 888 899 933; x_wconf 85' lang='lat' dir='ltr'>dioc.</span> <span class='ocrx_word' id='word_1_106' title='bbox 931 887 979 933; x_wconf 90' lang='lat' dir='ltr'>in</span> <span class='ocrx_word' id='word_1_107' title='bbox 1007 887 1114 933; x_wconf 88' lang='lat' dir='ltr'>Dno</span> <span class='ocrx_word' id='word_1_108' title='bbox 1141 885 1315 933; x_wconf 79' lang='lat' dir='ltr'>sincere</span> <span class='ocrx_word' id='word_1_109' title='bbox 1339 887 1544 933; x_wconf 87' lang='lat' dir='ltr'>caritatis</span> <span class='ocrx_word' id='word_1_110' title='bbox 1558 883 1809 941; x_wconf 60' lang='lat' dir='ltr'>affeetum,</span> <span class='ocrx_word' id='word_1_111' title='bbox 1847 893 2163 948; x_wconf 83' lang='lat' dir='ltr'>tenoremque</span> <span class='ocrx_word' id='word_1_112' title='bbox 2188 883 2418 950; x_wconf 85' lang='lat' dir='ltr'>presentis</span> 
     </span>
     <span class='ocr_line' id='line_1_12' title="bbox 206 951 2419 1022; baseline -0.001 -19"><span class='ocrx_word' id='word_1_113' title='bbox 206 957 392 1022; x_wconf 64' lang='lat' dir='ltr'>paginae</span> <span class='ocrx_word' id='word_1_114' title='bbox 416 954 602 1002; x_wconf 88' lang='lat' dir='ltr'>suorum</span> <span class='ocrx_word' id='word_1_115' title='bbox 636 980 865 992; x_wconf 84' lang='lat'><strong>-----</strong></span> <span class='ocrx_word' id='word_1_116' title='bbox 909 953 1125 1000; x_wconf 90' lang='lat' dir='ltr'>cordium</span> <span class='ocrx_word' id='word_1_117' title='bbox 1148 955 1397 1016; x_wconf 86' lang='lat' dir='ltr'>cupientes</span> <span class='ocrx_word' id='word_1_118' title='bbox 1417 968 1518 1000; x_wconf 88' lang='lat' dir='ltr'>non</span> <span class='ocrx_word' id='word_1_119' title='bbox 1542 953 1685 999; x_wconf 85' lang='lat' dir='ltr'>latere</span> <span class='ocrx_word' id='word_1_120' title='bbox 1709 951 1836 999; x_wconf 89' lang='lat' dir='ltr'>Cum</span> <span class='ocrx_word' id='word_1_121' title='bbox 1856 966 2031 998; x_wconf 81' lang='lat' dir='ltr'>vanum</span> <span class='ocrx_word' id='word_1_122' title='bbox 2051 952 2268 999; x_wconf 87' lang='lat' dir='ltr'>videatur</span> <span class='ocrx_word' id='word_1_123' title='bbox 2289 952 2337 1002; x_wconf 71' lang='grc' dir='ltr'>ὅ(</span> <span class='ocrx_word' id='word_1_124' title='bbox 2361 954 2419 1000; x_wconf 89' lang='lat' dir='ltr'>ir-</span> 
     </span>
     <span class='ocr_line' id='line_1_13' title="bbox 205 1016 2419 1084; baseline -0.002 -13"><span class='ocrx_word' id='word_1_125' title='bbox 205 1025 352 1071; x_wconf 80' lang='lat' dir='ltr'>ritum</span> <span class='ocrx_word' id='word_1_126' title='bbox 379 1020 578 1071; x_wconf 62' lang='lat' dir='ltr'>santiam</span> <span class='ocrx_word' id='word_1_127' title='bbox 601 1027 801 1068; x_wconf 85' lang='lat' dir='ltr'>matrem</span> <span class='ocrx_word' id='word_1_128' title='bbox 829 1020 1069 1067; x_wconf 82' lang='lat' dir='ltr'>ecclesiam</span> <span class='ocrx_word' id='word_1_129' title='bbox 1091 1020 1332 1075; x_wconf 81' lang='lat' dir='ltr'>venerari,</span> <span class='ocrx_word' id='word_1_130' title='bbox 1371 1034 1511 1084; x_wconf 82' lang='lat' dir='ltr'>quam</span> <span class='ocrx_word' id='word_1_131' title='bbox 1535 1017 1737 1066; x_wconf 89' lang='lat' dir='ltr'>summus</span> <span class='ocrx_word' id='word_1_132' title='bbox 1761 1018 1974 1065; x_wconf 86' lang='lat' dir='ltr'>sacerdos</span> <span class='ocrx_word' id='word_1_133' title='bbox 1987 1018 2085 1080; x_wconf 86' lang='lat' dir='ltr'>Dns</span> <span class='ocrx_word' id='word_1_134' title='bbox 2107 1016 2263 1065; x_wconf 89' lang='lat' dir='ltr'>noster</span> <span class='ocrx_word' id='word_1_135' title='bbox 2275 1019 2419 1067; x_wconf 88' lang='lat' dir='ltr'>sacer-</span> 
     </span>
     <span class='ocr_line' id='line_1_14' title="bbox 206 1084 2418 1153; baseline -0.001 -16"><span class='ocrx_word' id='word_1_136' title='bbox 206 1091 344 1138; x_wconf 87' lang='lat' dir='ltr'>dotio</span> <span class='ocrx_word' id='word_1_137' title='bbox 383 1087 644 1153; x_wconf 81' lang='lat' dir='ltr'>predicavit</span> <span class='ocrx_word' id='word_1_138' title='bbox 672 1097 840 1134; x_wconf 91' lang='lat' dir='ltr'>eterno</span> <span class='ocrx_word' id='word_1_139' title='bbox 873 1089 918 1134; x_wconf 92' lang='lat' dir='ltr'>in</span> <span class='ocrx_word' id='word_1_140' title='bbox 951 1085 1127 1133; x_wconf 83' lang='lat' dir='ltr'>filiabus</span> <span class='ocrx_word' id='word_1_141' title='bbox 1159 1085 1495 1133; x_wconf 85' lang='lat' dir='ltr'>constituendis</span> <span class='ocrx_word' id='word_1_142' title='bbox 1522 1084 1793 1148; x_wconf 85' lang='lat' dir='ltr'>multosque</span> <span class='ocrx_word' id='word_1_143' title='bbox 1825 1093 1995 1132; x_wconf 88' lang='lat' dir='ltr'>ornatu</span> <span class='ocrx_word' id='word_1_144' title='bbox 2019 1085 2296 1133; x_wconf 82' lang='lat' dir='ltr'>decorandis</span> <span class='ocrx_word' id='word_1_145' title='bbox 2320 1085 2418 1135; x_wconf 78' lang='lat' dir='ltr'>Nisi</span> 
     </span>
     <span class='ocr_line' id='line_1_15' title="bbox 205 1148 2419 1217; baseline -0 -14"><span class='ocrx_word' id='word_1_146' title='bbox 205 1158 378 1204; x_wconf 86' lang='lat' dir='ltr'>eedem</span> <span class='ocrx_word' id='word_1_147' title='bbox 415 1154 506 1203; x_wconf 87' lang='lat' dir='ltr'>filie</span> <span class='ocrx_word' id='word_1_148' title='bbox 541 1156 807 1204; x_wconf 77' lang='lat' dir='ltr'>etiamdeo</span> <span class='ocrx_word' id='word_1_149' title='bbox 831 1151 1008 1201; x_wconf 70' lang='lat' dir='ltr'>dileffls</span> <span class='ocrx_word' id='word_1_150' title='bbox 1035 1153 1352 1201; x_wconf 85' lang='lat' dir='ltr'>sacerdotibus</span> <span class='ocrx_word' id='word_1_151' title='bbox 1383 1152 1557 1200; x_wconf 77' lang='lat' dir='ltr'>suerint</span> <span class='ocrx_word' id='word_1_152' title='bbox 1583 1160 1835 1217; x_wconf 85' lang='lat' dir='ltr'>preornate</span> <span class='ocrx_word' id='word_1_153' title='bbox 1862 1167 2067 1215; x_wconf 89' lang='lat' dir='ltr'>quorum</span> <span class='ocrx_word' id='word_1_154' title='bbox 2088 1153 2180 1200; x_wconf 89' lang='lat' dir='ltr'>ritu</span> <span class='ocrx_word' id='word_1_155' title='bbox 2203 1148 2419 1216; x_wconf 84' lang='lat' dir='ltr'>ejusdem</span> 
     </span>
     <span class='ocr_line' id='line_1_16' title="bbox 203 1217 2420 1284; baseline -0.002 -12"><span class='ocrx_word' id='word_1_156' title='bbox 203 1224 371 1274; x_wconf 90' lang='lat' dir='ltr'>summi</span> <span class='ocrx_word' id='word_1_157' title='bbox 402 1223 652 1270; x_wconf 85' lang='lat' dir='ltr'>sacerdotis</span> <span class='ocrx_word' id='word_1_158' title='bbox 668 1220 916 1284; x_wconf 62' lang='lat' dir='ltr'>sancteque</span> <span class='ocrx_word' id='word_1_159' title='bbox 932 1222 1090 1269; x_wconf 87' lang='lat' dir='ltr'>matris</span> <span class='ocrx_word' id='word_1_160' title='bbox 1103 1219 1296 1267; x_wconf 82' lang='lat' dir='ltr'>ecclefie</span> <span class='ocrx_word' id='word_1_161' title='bbox 1310 1218 1406 1267; x_wconf 84' lang='lat' dir='ltr'>laus</span> <span class='ocrx_word' id='word_1_162' title='bbox 1420 1220 1467 1268; x_wconf 76' lang='grc' dir='ltr'>ὃ(</span> <span class='ocrx_word' id='word_1_163' title='bbox 1480 1220 1641 1267; x_wconf 87' lang='lat' dir='ltr'>honor</span> <span class='ocrx_word' id='word_1_164' title='bbox 1653 1218 1862 1266; x_wconf 89' lang='lat' dir='ltr'>crescere</span> <span class='ocrx_word' id='word_1_165' title='bbox 1874 1217 2074 1282; x_wconf 83' lang='lat' dir='ltr'>gloriose</span> <span class='ocrx_word' id='word_1_166' title='bbox 2089 1219 2328 1283; x_wconf 85' lang='lat' dir='ltr'>poterit&amp;</span> <span class='ocrx_word' id='word_1_167' title='bbox 2339 1235 2420 1268; x_wconf 86' lang='lat' dir='ltr'>au-</span> 
     </span>
     <span class='ocr_line' id='line_1_17' title="bbox 203 1285 2417 1356; baseline -0.001 -18"><span class='ocrx_word' id='word_1_168' title='bbox 203 1292 306 1356; x_wconf 83' lang='lat' dir='ltr'>geri</span> <span class='ocrx_word' id='word_1_169' title='bbox 327 1292 437 1338; x_wconf 92' lang='lat' dir='ltr'>ideo</span> <span class='ocrx_word' id='word_1_170' title='bbox 461 1289 552 1345; x_wconf 82' lang='lat' dir='ltr'>est,</span> <span class='ocrx_word' id='word_1_171' title='bbox 592 1290 722 1353; x_wconf 85' lang='lat' dir='ltr'>quod</span> <span class='ocrx_word' id='word_1_172' title='bbox 748 1303 835 1336; x_wconf 89' lang='lat' dir='ltr'>nos</span> <span class='ocrx_word' id='word_1_173' title='bbox 855 1287 1479 1335; x_wconf 83' lang='lat' dir='ltr'>Wilkinus&amp;Wolericus</span> <span class='ocrx_word' id='word_1_174' title='bbox 1493 1285 1690 1351; x_wconf 58' lang='lat' dir='ltr'>predifi&#39;ti</span> <span class='ocrx_word' id='word_1_175' title='bbox 1706 1286 2038 1349; x_wconf 83' lang='lat' dir='ltr'>asfignavimus</span> <span class='ocrx_word' id='word_1_176' title='bbox 2059 1287 2108 1335; x_wconf 72' lang='grc' dir='ltr'>ὅ(</span> <span class='ocrx_word' id='word_1_177' title='bbox 2132 1288 2417 1336; x_wconf 86' lang='lat' dir='ltr'>donavimus</span> 
     </span>
     <span class='ocr_line' id='line_1_18' title="bbox 205 1351 2420 1408; baseline -0.001 -3"><span class='ocrx_word' id='word_1_178' title='bbox 205 1373 317 1406; x_wconf 88' lang='lat' dir='ltr'>cum</span> <span class='ocrx_word' id='word_1_179' title='bbox 333 1357 559 1405; x_wconf 76' lang='lat' dir='ltr'>consensu</span> <span class='ocrx_word' id='word_1_180' title='bbox 573 1357 803 1403; x_wconf 86' lang='lat' dir='ltr'>heredum</span> <span class='ocrx_word' id='word_1_181' title='bbox 818 1353 1084 1401; x_wconf 89' lang='lat' dir='ltr'>nostrorum</span> <span class='ocrx_word' id='word_1_182' title='bbox 1101 1355 1175 1401; x_wconf 86' lang='lat' dir='ltr'>seu</span> <span class='ocrx_word' id='word_1_183' title='bbox 1189 1355 1448 1401; x_wconf 70' lang='lat' dir='ltr'>amicorum</span> <span class='ocrx_word' id='word_1_184' title='bbox 1463 1355 1589 1400; x_wconf 89' lang='lat' dir='ltr'>bona</span> <span class='ocrx_word' id='word_1_185' title='bbox 1604 1353 1884 1400; x_wconf 86' lang='lat' dir='ltr'>hereditaria</span> <span class='ocrx_word' id='word_1_186' title='bbox 1906 1384 1921 1408; x_wconf 87' lang='lat'>,</span> <span class='ocrx_word' id='word_1_187' title='bbox 1953 1351 2126 1400; x_wconf 89' lang='lat' dir='ltr'>scilicet</span> <span class='ocrx_word' id='word_1_188' title='bbox 2148 1355 2344 1402; x_wconf 82' lang='lat' dir='ltr'>domum</span> <span class='ocrx_word' id='word_1_189' title='bbox 2368 1355 2420 1405; x_wconf 76' lang='grc' dir='ltr'>δε</span> 
     </span>
     <span class='ocr_line' id='line_1_19' title="bbox 203 1417 2419 1484; baseline -0.002 -12"><span class='ocrx_word' id='word_1_190' title='bbox 203 1439 364 1473; x_wconf 81' lang='lat' dir='ltr'>aream</span> <span class='ocrx_word' id='word_1_191' title='bbox 390 1423 601 1471; x_wconf 83' lang='lat' dir='ltr'>Henkini</span> <span class='ocrx_word' id='word_1_192' title='bbox 620 1420 700 1470; x_wconf 84' lang='lat' dir='ltr'>filii</span> <span class='ocrx_word' id='word_1_193' title='bbox 723 1422 848 1469; x_wconf 88' lang='lat' dir='ltr'>Petri</span> <span class='ocrx_word' id='word_1_194' title='bbox 872 1436 979 1468; x_wconf 91' lang='lat' dir='ltr'>cum</span> <span class='ocrx_word' id='word_1_195' title='bbox 1000 1419 1113 1468; x_wconf 69' lang='grc' dir='ltr'>οὲὶο</span> <span class='ocrx_word' id='word_1_196' title='bbox 1131 1418 1376 1484; x_wconf 87' lang='lat' dir='ltr'>jugeribus</span> <span class='ocrx_word' id='word_1_197' title='bbox 1392 1421 1545 1467; x_wconf 90' lang='lat' dir='ltr'>eidem</span> <span class='ocrx_word' id='word_1_198' title='bbox 1558 1421 1721 1476; x_wconf 85' lang='lat' dir='ltr'>domui</span> <span class='ocrx_word' id='word_1_199' title='bbox 1736 1417 2056 1481; x_wconf 85' lang='lat' dir='ltr'>adjacentibus</span> <span class='ocrx_word' id='word_1_200' title='bbox 2080 1436 2094 1465; x_wconf 74' lang='lat' dir='ltr'>x</span> <span class='ocrx_word' id='word_1_201' title='bbox 2128 1426 2331 1483; x_wconf 87' lang='lat' dir='ltr'>quatuor</span> <span class='ocrx_word' id='word_1_202' title='bbox 2340 1417 2419 1484; x_wconf 78' lang='lat' dir='ltr'>ju·</span> 
     </span>
     <span class='ocr_line' id='line_1_20' title="bbox 203 1483 2457 1557; baseline -0.002 -18"><span class='ocrx_word' id='word_1_203' title='bbox 203 1507 320 1557; x_wconf 87' lang='lat' dir='ltr'>gera</span> <span class='ocrx_word' id='word_1_204' title='bbox 349 1493 396 1539; x_wconf 88' lang='lat' dir='ltr'>in</span> <span class='ocrx_word' id='word_1_205' title='bbox 419 1504 593 1553; x_wconf 87' lang='lat' dir='ltr'>campo</span> <span class='ocrx_word' id='word_1_206' title='bbox 617 1503 709 1553; x_wconf 78' lang='lat' dir='ltr'>que</span> <span class='ocrx_word' id='word_1_207' title='bbox 746 1488 803 1548; x_wconf 87' lang='lat' dir='ltr'>h)</span> <span class='ocrx_word' id='word_1_208' title='bbox 835 1488 1006 1536; x_wconf 88' lang='lat' dir='ltr'>dicitur</span> <span class='ocrx_word' id='word_1_209' title='bbox 1033 1487 1368 1550; x_wconf 86' lang='lat' dir='ltr'>Schildekamp</span> <span class='ocrx_word' id='word_1_210' title='bbox 1394 1499 1411 1536; x_wconf 74' lang='lat' dir='ltr'>t</span> <span class='ocrx_word' id='word_1_211' title='bbox 1456 1496 1662 1552; x_wconf 84' lang='lat' dir='ltr'>quatuor</span> <span class='ocrx_word' id='word_1_212' title='bbox 1681 1484 1847 1550; x_wconf 84' lang='lat' dir='ltr'>jugera</span> <span class='ocrx_word' id='word_1_213' title='bbox 1870 1483 2080 1547; x_wconf 84' lang='lat' dir='ltr'>ejusdem</span> <span class='ocrx_word' id='word_1_214' title='bbox 2104 1486 2418 1544; x_wconf 81' lang='lat' dir='ltr'>bonisvicina</span> <span class='ocrx_word' id='word_1_215' title='bbox 2455 1490 2457 1493; x_wconf 77' lang='grc'>’</span> 
     </span>
     <span class='ocr_line' id='line_1_21' title="bbox 204 1552 2419 1619; baseline -0.003 -11"><span class='ocrx_word' id='word_1_216' title='bbox 204 1558 257 1608; x_wconf 75' lang='grc' dir='ltr'>δε</span> <span class='ocrx_word' id='word_1_217' title='bbox 279 1558 620 1607; x_wconf 78' lang='lat' dir='ltr'>convenientia</span> <span class='ocrx_word' id='word_1_218' title='bbox 641 1555 719 1604; x_wconf 89' lang='lat' dir='ltr'>vel</span> <span class='ocrx_word' id='word_1_219' title='bbox 745 1564 948 1619; x_wconf 87' lang='lat' dir='ltr'>quatuor</span> <span class='ocrx_word' id='word_1_220' title='bbox 971 1552 1189 1618; x_wconf 84' lang='lat' dir='ltr'>jugerum</span> <span class='ocrx_word' id='word_1_221' title='bbox 1213 1554 1484 1602; x_wconf 85' lang='lat' dir='ltr'>redditusin</span> <span class='ocrx_word' id='word_1_222' title='bbox 1510 1555 1663 1608; x_wconf 86' lang='lat' dir='ltr'>bonis,</span> <span class='ocrx_word' id='word_1_223' title='bbox 1679 1568 1770 1616; x_wconf 89' lang='lat' dir='ltr'>que</span> <span class='ocrx_word' id='word_1_224' title='bbox 1794 1552 2162 1616; x_wconf 76' lang='lat' dir='ltr'>colitjohannes</span> <span class='ocrx_word' id='word_1_225' title='bbox 2174 1552 2302 1618; x_wconf 89' lang='lat' dir='ltr'>Pape</span> <span class='ocrx_word' id='word_1_226' title='bbox 2316 1569 2419 1602; x_wconf 89' lang='lat' dir='ltr'>mo-</span> 
     </span>
     <span class='ocr_line' id='line_1_22' title="bbox 204 1618 2419 1687; baseline -0.001 -15"><span class='ocrx_word' id='word_1_227' title='bbox 204 1640 314 1675; x_wconf 79' lang='lat' dir='ltr'>rans</span> <span class='ocrx_word' id='word_1_228' title='bbox 339 1628 386 1672; x_wconf 89' lang='lat' dir='ltr'>in</span> <span class='ocrx_word' id='word_1_229' title='bbox 411 1625 774 1673; x_wconf 72' lang='lat' dir='ltr'>Schoveworth</span> <span class='ocrx_word' id='word_1_230' title='bbox 797 1624 903 1670; x_wconf 91' lang='lat' dir='ltr'>Nec</span> <span class='ocrx_word' id='word_1_231' title='bbox 927 1637 1025 1669; x_wconf 90' lang='lat' dir='ltr'>non</span> <span class='ocrx_word' id='word_1_232' title='bbox 1049 1624 1259 1687; x_wconf 88' lang='lat' dir='ltr'>quinque</span> <span class='ocrx_word' id='word_1_233' title='bbox 1289 1621 1439 1668; x_wconf 85' lang='lat' dir='ltr'>mesas</span> <span class='ocrx_word' id='word_1_234' title='bbox 1464 1620 1646 1685; x_wconf 70' lang='lat' dir='ltr'>siliginis</span> <span class='ocrx_word' id='word_1_235' title='bbox 1670 1623 1718 1668; x_wconf 89' lang='lat' dir='ltr'>in</span> <span class='ocrx_word' id='word_1_236' title='bbox 1731 1618 2064 1668; x_wconf 71' lang='lat' dir='ltr'>Oldehwolde</span> <span class='ocrx_word' id='word_1_237' title='bbox 2087 1619 2197 1667; x_wconf 93' lang='lat' dir='ltr'>Dno</span> <span class='ocrx_word' id='word_1_238' title='bbox 2210 1620 2419 1684; x_wconf 87' lang='lat' dir='ltr'>Johanni</span> 
     </span>
     <span class='ocr_line' id='line_1_23' title="bbox 204 1686 2419 1756; baseline -0.003 -13"><span class='ocrx_word' id='word_1_239' title='bbox 204 1687 347 1743; x_wconf 78' lang='lat' dir='ltr'>Kalff</span> <span class='ocrx_word' id='word_1_240' title='bbox 359 1693 636 1756; x_wconf 89' lang='lat' dir='ltr'>presbytero</span> <span class='ocrx_word' id='word_1_241' title='bbox 661 1705 778 1754; x_wconf 86' lang='lat' dir='ltr'>pure</span> <span class='ocrx_word' id='word_1_242' title='bbox 793 1699 988 1754; x_wconf 88' lang='lat' dir='ltr'>propter</span> <span class='ocrx_word' id='word_1_243' title='bbox 1001 1689 1156 1736; x_wconf 89' lang='lat' dir='ltr'>Deum</span> <span class='ocrx_word' id='word_1_244' title='bbox 1171 1721 1186 1746; x_wconf 82' lang='lat'>,</span> <span class='ocrx_word' id='word_1_245' title='bbox 1224 1687 1273 1738; x_wconf 73' lang='lat' dir='ltr'>&lt;Sc</span> <span class='ocrx_word' id='word_1_246' title='bbox 1290 1691 1349 1736; x_wconf 89' lang='lat' dir='ltr'>ab</span> <span class='ocrx_word' id='word_1_247' title='bbox 1373 1703 1586 1736; x_wconf 87' lang='lat' dir='ltr'>amorem</span> <span class='ocrx_word' id='word_1_248' title='bbox 1610 1686 1857 1752; x_wconf 85' lang='lat' dir='ltr'>specialem</span> <span class='ocrx_word' id='word_1_249' title='bbox 1882 1701 2026 1751; x_wconf 89' lang='lat' dir='ltr'>quem</span> <span class='ocrx_word' id='word_1_250' title='bbox 2046 1687 2104 1734; x_wconf 92' lang='lat' dir='ltr'>ad</span> <span class='ocrx_word' id='word_1_251' title='bbox 2129 1687 2277 1752; x_wconf 85' lang='lat' dir='ltr'>ipsum</span> <span class='ocrx_word' id='word_1_252' title='bbox 2300 1689 2419 1752; x_wconf 88' lang='lat' dir='ltr'>geri·</span> 
     </span>
     <span class='ocr_line' id='line_1_24' title="bbox 203 1752 2419 1821; baseline -0.003 -11"><span class='ocrx_word' id='word_1_253' title='bbox 203 1774 311 1810; x_wconf 83' lang='lat' dir='ltr'>mus</span> <span class='ocrx_word' id='word_1_254' title='bbox 337 1759 385 1809; x_wconf 77' lang='grc' dir='ltr'>ὄε</span> <span class='ocrx_word' id='word_1_255' title='bbox 407 1772 468 1805; x_wconf 84' lang='lat' dir='ltr'>ex</span> <span class='ocrx_word' id='word_1_256' title='bbox 491 1757 651 1806; x_wconf 89' lang='lat' dir='ltr'>multis</span> <span class='ocrx_word' id='word_1_257' title='bbox 674 1759 805 1804; x_wconf 86' lang='lat' dir='ltr'>annis</span> <span class='ocrx_word' id='word_1_258' title='bbox 828 1758 992 1821; x_wconf 90' lang='lat' dir='ltr'>quibus</span> <span class='ocrx_word' id='word_1_259' title='bbox 1007 1758 1143 1805; x_wconf 88' lang='lat' dir='ltr'>nobis</span> <span class='ocrx_word' id='word_1_260' title='bbox 1165 1758 1392 1803; x_wconf 88' lang='lat' dir='ltr'>decenter</span> <span class='ocrx_word' id='word_1_261' title='bbox 1406 1755 1712 1803; x_wconf 87' lang='lat' dir='ltr'>conversatus</span> <span class='ocrx_word' id='word_1_262' title='bbox 1725 1752 1819 1810; x_wconf 87' lang='lat' dir='ltr'>est,</span> <span class='ocrx_word' id='word_1_263' title='bbox 1854 1761 1908 1800; x_wconf 90' lang='lat' dir='ltr'>ut</span> <span class='ocrx_word' id='word_1_264' title='bbox 1934 1753 2090 1801; x_wconf 87' lang='lat' dir='ltr'>valeat</span> <span class='ocrx_word' id='word_1_265' title='bbox 2112 1753 2219 1801; x_wconf 90' lang='lat' dir='ltr'>Deo</span> <span class='ocrx_word' id='word_1_266' title='bbox 2247 1754 2419 1817; x_wconf 71' lang='lat' dir='ltr'>servire</span> 
     </span>
     <span class='ocr_line' id='line_1_25' title="bbox 204 1820 2418 1889; baseline -0.002 -14"><span class='ocrx_word' id='word_1_267' title='bbox 204 1827 429 1876; x_wconf 78' lang='lat' dir='ltr'>devotius</span> <span class='ocrx_word' id='word_1_268' title='bbox 445 1826 664 1889; x_wconf 86' lang='lat' dir='ltr'>suamque</span> <span class='ocrx_word' id='word_1_269' title='bbox 676 1822 854 1871; x_wconf 89' lang='lat' dir='ltr'>facilius</span> <span class='ocrx_word' id='word_1_270' title='bbox 864 1825 1101 1870; x_wconf 74' lang='lat' dir='ltr'>refrenare</span> <span class='ocrx_word' id='word_1_271' title='bbox 1115 1823 1324 1886; x_wconf 89' lang='lat' dir='ltr'>inopiam</span> <span class='ocrx_word' id='word_1_272' title='bbox 1341 1855 1355 1879; x_wconf 82' lang='lat'>‚</span> <span class='ocrx_word' id='word_1_273' title='bbox 1391 1821 1662 1886; x_wconf 62' lang='lat' dir='ltr'>fruetusque</span> <span class='ocrx_word' id='word_1_274' title='bbox 1685 1821 1857 1881; x_wconf 82' lang='lat' dir='ltr'>exinde</span> <span class='ocrx_word' id='word_1_275' title='bbox 1871 1820 2202 1885; x_wconf 89' lang='lat' dir='ltr'>percipiendos</span> <span class='ocrx_word' id='word_1_276' title='bbox 2225 1821 2273 1869; x_wconf 90' lang='lat' dir='ltr'>in</span> <span class='ocrx_word' id='word_1_277' title='bbox 2285 1821 2418 1871; x_wconf 80' lang='lat' dir='ltr'>usum</span> 
     </span>
     <span class='ocr_line' id='line_1_26' title="bbox 206 1886 2419 1953; baseline -0.002 -11"><span class='ocrx_word' id='word_1_278' title='bbox 206 1894 340 1943; x_wconf 88' lang='lat' dir='ltr'>suum</span> <span class='ocrx_word' id='word_1_279' title='bbox 354 1893 663 1939; x_wconf 86' lang='lat' dir='ltr'>conversurus</span> <span class='ocrx_word' id='word_1_280' title='bbox 675 1922 689 1946; x_wconf 86' lang='lat'>,</span> <span class='ocrx_word' id='word_1_281' title='bbox 712 1891 998 1953; x_wconf 84' lang='lat' dir='ltr'>repetitione</span> <span class='ocrx_word' id='word_1_282' title='bbox 1013 1898 1093 1936; x_wconf 89' lang='lat' dir='ltr'>aut</span> <span class='ocrx_word' id='word_1_283' title='bbox 1104 1889 1405 1953; x_wconf 82' lang='lat' dir='ltr'>impetitione</span> <span class='ocrx_word' id='word_1_284' title='bbox 1421 1888 1630 1952; x_wconf 89' lang='lat' dir='ltr'>qualibet</span> <span class='ocrx_word' id='word_1_285' title='bbox 1644 1888 1796 1935; x_wconf 88' lang='lat' dir='ltr'>nostra</span> <span class='ocrx_word' id='word_1_286' title='bbox 1810 1888 2051 1933; x_wconf 80' lang='lat' dir='ltr'>haeredum</span> <span class='ocrx_word' id='word_1_287' title='bbox 2062 1886 2139 1934; x_wconf 80' lang='lat' dir='ltr'>vel</span> <span class='ocrx_word' id='word_1_288' title='bbox 2155 1888 2419 1937; x_wconf 80' lang='lat' dir='ltr'>amicorum</span> 
     </span>
     <span class='ocr_line' id='line_1_27' title="bbox 205 1951 2417 2022; baseline -0.003 -13"><span class='ocrx_word' id='word_1_289' title='bbox 205 1957 476 2019; x_wconf 79' lang='lat' dir='ltr'>nostrorum</span> <span class='ocrx_word' id='word_1_290' title='bbox 500 1970 798 2022; x_wconf 85' lang='lat' dir='ltr'>quorumque</span> <span class='ocrx_word' id='word_1_291' title='bbox 821 1956 1226 2019; x_wconf 86' lang='lat' dir='ltr'>impedimentove</span> <span class='ocrx_word' id='word_1_292' title='bbox 1253 1954 1615 2017; x_wconf 83' lang='lat' dir='ltr'>quomodolibet</span> <span class='ocrx_word' id='word_1_293' title='bbox 1637 1969 1734 2000; x_wconf 91' lang='lat' dir='ltr'>non</span> <span class='ocrx_word' id='word_1_294' title='bbox 1759 1951 1989 1999; x_wconf 84' lang='lat' dir='ltr'>obstante.</span> <span class='ocrx_word' id='word_1_295' title='bbox 2014 1951 2250 2017; x_wconf 86' lang='lat' dir='ltr'>Volumus</span> <span class='ocrx_word' id='word_1_296' title='bbox 2269 1954 2417 2003; x_wconf 84' lang='lat' dir='ltr'>etiam</span> 
     </span>
     <span class='ocr_line' id='line_1_28' title="bbox 206 2018 2417 2086; baseline -0.003 -11"><span class='ocrx_word' id='word_1_297' title='bbox 206 2035 264 2076; x_wconf 84' lang='lat' dir='ltr'>ut</span> <span class='ocrx_word' id='word_1_298' title='bbox 285 2026 495 2073; x_wconf 88' lang='lat' dir='ltr'>redditus</span> <span class='ocrx_word' id='word_1_299' title='bbox 520 2024 569 2072; x_wconf 78' lang='grc' dir='ltr'>ὅ(</span> <span class='ocrx_word' id='word_1_300' title='bbox 592 2024 717 2070; x_wconf 87' lang='lat' dir='ltr'>bona</span> <span class='ocrx_word' id='word_1_301' title='bbox 739 2020 975 2070; x_wconf 66' lang='lat' dir='ltr'>antediCta</span> <span class='ocrx_word' id='word_1_302' title='bbox 998 2025 1056 2069; x_wconf 91' lang='lat' dir='ltr'>ad</span> <span class='ocrx_word' id='word_1_303' title='bbox 1073 2030 1292 2086; x_wconf 85' lang='lat' dir='ltr'>pertuam</span> <span class='ocrx_word' id='word_1_304' title='bbox 1315 2021 1537 2068; x_wconf 86' lang='lat' dir='ltr'>vicariam</span> <span class='ocrx_word' id='word_1_305' title='bbox 1553 2019 1703 2067; x_wconf 84' lang='lat' dir='ltr'>altaris</span> <span class='ocrx_word' id='word_1_306' title='bbox 1718 2020 1857 2067; x_wconf 89' lang='lat' dir='ltr'>beate</span> <span class='ocrx_word' id='word_1_307' title='bbox 1884 2018 2035 2066; x_wconf 83' lang='lat' dir='ltr'>Marie</span> <span class='ocrx_word' id='word_1_308' title='bbox 2048 2019 2255 2082; x_wconf 88' lang='lat' dir='ltr'>Virginis</span> <span class='ocrx_word' id='word_1_309' title='bbox 2279 2021 2326 2067; x_wconf 87' lang='lat' dir='ltr'>in</span> <span class='ocrx_word' id='word_1_310' title='bbox 2339 2034 2417 2070; x_wconf 89' lang='lat' dir='ltr'>ec-</span> 
     </span>
     <span class='ocr_line' id='line_1_29' title="bbox 205 2085 2416 2153; baseline -0.003 -13"><span class='ocrx_word' id='word_1_311' title='bbox 205 2092 344 2143; x_wconf 81' lang='lat' dir='ltr'>clefia</span> <span class='ocrx_word' id='word_1_312' title='bbox 380 2090 584 2138; x_wconf 86' lang='lat' dir='ltr'>Groden</span> <span class='ocrx_word' id='word_1_313' title='bbox 622 2097 893 2153; x_wconf 83' lang='lat' dir='ltr'>prenarrata</span> <span class='ocrx_word' id='word_1_314' title='bbox 931 2087 1270 2152; x_wconf 88' lang='lat' dir='ltr'>perpetualiter</span> <span class='ocrx_word' id='word_1_315' title='bbox 1303 2089 1511 2134; x_wconf 89' lang='lat' dir='ltr'>debeant</span> <span class='ocrx_word' id='word_1_316' title='bbox 1557 2100 1850 2150; x_wconf 87' lang='lat' dir='ltr'>permanere.</span> <span class='ocrx_word' id='word_1_317' title='bbox 1935 2085 2055 2132; x_wconf 81' lang='lat' dir='ltr'>ltem</span> <span class='ocrx_word' id='word_1_318' title='bbox 2079 2085 2416 2141; x_wconf 79' lang='lat' dir='ltr'>volumusnos</span> 
     </span>
     <span class='ocr_line' id='line_1_30' title="bbox 205 2150 2417 2219; baseline -0.002 -11"><span class='ocrx_word' id='word_1_319' title='bbox 205 2158 468 2208; x_wconf 84' lang='lat' dir='ltr'>Wilkinus</span> <span class='ocrx_word' id='word_1_320' title='bbox 490 2156 539 2206; x_wconf 73' lang='grc' dir='ltr'>ὅ(</span> <span class='ocrx_word' id='word_1_321' title='bbox 559 2155 851 2204; x_wconf 86' lang='lat' dir='ltr'>Wolericus</span> <span class='ocrx_word' id='word_1_322' title='bbox 869 2155 1048 2218; x_wconf 75' lang='lat' dir='ltr'>praefati</span> <span class='ocrx_word' id='word_1_323' title='bbox 1069 2187 1084 2211; x_wconf 87' lang='lat'>,</span> <span class='ocrx_word' id='word_1_324' title='bbox 1120 2162 1174 2201; x_wconf 91' lang='lat' dir='ltr'>ut</span> <span class='ocrx_word' id='word_1_325' title='bbox 1197 2152 1300 2218; x_wconf 83' lang='lat' dir='ltr'>post</span> <span class='ocrx_word' id='word_1_326' title='bbox 1324 2155 1507 2202; x_wconf 86' lang='lat' dir='ltr'>obitum</span> <span class='ocrx_word' id='word_1_327' title='bbox 1533 2151 1740 2201; x_wconf 84' lang='lat' dir='ltr'>nostrum</span> <span class='ocrx_word' id='word_1_328' title='bbox 1764 2152 1966 2200; x_wconf 88' lang='lat' dir='ltr'>vicinior</span> <span class='ocrx_word' id='word_1_329' title='bbox 1979 2150 2190 2200; x_wconf 88' lang='lat' dir='ltr'>innostra</span> <span class='ocrx_word' id='word_1_330' title='bbox 2200 2152 2322 2202; x_wconf 84' lang='lat' dir='ltr'>linea</span> <span class='ocrx_word' id='word_1_331' title='bbox 2335 2170 2417 2219; x_wconf 86' lang='lat' dir='ltr'>pa-</span> 
     </span>
     <span class='ocr_line' id='line_1_31' title="bbox 205 2218 2416 2280; baseline -0.003 -4"><span class='ocrx_word' id='word_1_332' title='bbox 205 2224 375 2277; x_wconf 79' lang='lat' dir='ltr'>ternali</span> <span class='ocrx_word' id='word_1_333' title='bbox 397 2239 490 2271; x_wconf 90' lang='lat' dir='ltr'>una</span> <span class='ocrx_word' id='word_1_334' title='bbox 511 2238 622 2271; x_wconf 90' lang='lat' dir='ltr'>cum</span> <span class='ocrx_word' id='word_1_335' title='bbox 640 2221 828 2271; x_wconf 59' lang='lat' dir='ltr'>redime</span> <span class='ocrx_word' id='word_1_336' title='bbox 849 2221 1042 2270; x_wconf 72' lang='lat' dir='ltr'>ecclesie</span> <span class='ocrx_word' id='word_1_337' title='bbox 1064 2218 1301 2269; x_wconf 64' lang='lat' dir='ltr'>antedicte</span> <span class='ocrx_word' id='word_1_338' title='bbox 1324 2221 1496 2268; x_wconf 88' lang='lat' dir='ltr'>habeat</span> <span class='ocrx_word' id='word_1_339' title='bbox 1512 2219 1838 2268; x_wconf 88' lang='lat' dir='ltr'>liberalitatem</span> <span class='ocrx_word' id='word_1_340' title='bbox 1875 2221 1914 2280; x_wconf 83' lang='lat' dir='ltr'>i)</span> <span class='ocrx_word' id='word_1_341' title='bbox 1948 2218 2223 2267; x_wconf 88' lang='lat' dir='ltr'>conferendi</span> <span class='ocrx_word' id='word_1_342' title='bbox 2247 2220 2276 2268; x_wconf 84' lang='lat' dir='ltr'>fi</span> <span class='ocrx_word' id='word_1_343' title='bbox 2298 2233 2416 2271; x_wconf 83' lang='lat' dir='ltr'>vero</span> 
     </span>
     <span class='ocr_line' id='line_1_32' title="bbox 204 2284 2418 2352; baseline -0.003 -8"><span class='ocrx_word' id='word_1_344' title='bbox 204 2309 307 2345; x_wconf 79' lang='lat' dir='ltr'>non</span> <span class='ocrx_word' id='word_1_345' title='bbox 330 2289 731 2341; x_wconf 87' lang='lat' dir='ltr'>concordaverint</span> <span class='ocrx_word' id='word_1_346' title='bbox 756 2292 802 2337; x_wconf 87' lang='lat' dir='ltr'>in</span> <span class='ocrx_word' id='word_1_347' title='bbox 825 2288 1122 2337; x_wconf 82' lang='lat' dir='ltr'>conferendo</span> <span class='ocrx_word' id='word_1_348' title='bbox 1143 2296 1256 2336; x_wconf 87' lang='lat' dir='ltr'>tunc</span> <span class='ocrx_word' id='word_1_349' title='bbox 1281 2286 1385 2351; x_wconf 89' lang='lat' dir='ltr'>post</span> <span class='ocrx_word' id='word_1_350' title='bbox 1408 2289 1694 2351; x_wconf 86' lang='lat' dir='ltr'>quindenam</span> <span class='ocrx_word' id='word_1_351' title='bbox 1719 2286 1945 2351; x_wconf 88' lang='lat' dir='ltr'>plebanus</span> <span class='ocrx_word' id='word_1_352' title='bbox 1978 2284 2171 2334; x_wconf 77' lang='lat' dir='ltr'>‘ecclesie</span> <span class='ocrx_word' id='word_1_353' title='bbox 2202 2286 2418 2352; x_wconf 59' lang='lat' dir='ltr'>predicte</span> 
     </span>
     <span class='ocr_line' id='line_1_33' title="bbox 207 2352 2417 2420; baseline -0.003 -11"><span class='ocrx_word' id='word_1_354' title='bbox 207 2361 411 2410; x_wconf 84' lang='lat' dir='ltr'>eandem</span> <span class='ocrx_word' id='word_1_355' title='bbox 443 2357 665 2406; x_wconf 87' lang='lat' dir='ltr'>vicariam</span> <span class='ocrx_word' id='word_1_356' title='bbox 694 2355 892 2404; x_wconf 87' lang='lat' dir='ltr'>honeste</span> <span class='ocrx_word' id='word_1_357' title='bbox 915 2360 1115 2420; x_wconf 79' lang='lat' dir='ltr'>persone</span> <span class='ocrx_word' id='word_1_358' title='bbox 1127 2355 1344 2402; x_wconf 88' lang='lat' dir='ltr'>conferat</span> <span class='ocrx_word' id='word_1_359' title='bbox 1364 2354 1412 2402; x_wconf 75' lang='grc' dir='ltr'>ὅ(</span> <span class='ocrx_word' id='word_1_360' title='bbox 1431 2352 1627 2417; x_wconf 79' lang='lat' dir='ltr'>aflignat</span> <span class='ocrx_word' id='word_1_361' title='bbox 1660 2354 1718 2412; x_wconf 83' lang='lat' dir='ltr'>k)</span> <span class='ocrx_word' id='word_1_362' title='bbox 1755 2354 1875 2401; x_wconf 81' lang='lat' dir='ltr'>Item</span> <span class='ocrx_word' id='word_1_363' title='bbox 1896 2352 2120 2401; x_wconf 85' lang='lat' dir='ltr'>volumus</span> <span class='ocrx_word' id='word_1_364' title='bbox 2141 2357 2271 2417; x_wconf 89' lang='lat' dir='ltr'>quod</span> <span class='ocrx_word' id='word_1_365' title='bbox 2290 2355 2417 2404; x_wconf 82' lang='lat' dir='ltr'>vic-a-</span> 
     </span>
     <span class='ocr_line' id='line_1_34' title="bbox 207 2416 2454 2487; baseline -0.003 -10"><span class='ocrx_word' id='word_1_366' title='bbox 207 2430 302 2478; x_wconf 79' lang='lat' dir='ltr'>rius</span> <span class='ocrx_word' id='word_1_367' title='bbox 316 2423 425 2474; x_wconf 62' lang='lat' dir='ltr'>dieti</span> <span class='ocrx_word' id='word_1_368' title='bbox 438 2423 590 2472; x_wconf 85' lang='lat' dir='ltr'>altaris</span> <span class='ocrx_word' id='word_1_369' title='bbox 603 2423 785 2487; x_wconf 83' lang='lat' dir='ltr'>singulis</span> <span class='ocrx_word' id='word_1_370' title='bbox 797 2424 960 2471; x_wconf 91' lang='lat' dir='ltr'>diebus</span> <span class='ocrx_word' id='word_1_371' title='bbox 971 2423 1218 2470; x_wconf 86' lang='lat' dir='ltr'>dominicis</span> <span class='ocrx_word' id='word_1_372' title='bbox 1232 2421 1280 2471; x_wconf 71' lang='grc' dir='ltr'>ὅ(</span> <span class='ocrx_word' id='word_1_373' title='bbox 1294 2419 1467 2469; x_wconf 84' lang='lat' dir='ltr'>festivis</span> <span class='ocrx_word' id='word_1_374' title='bbox 1483 2424 1527 2469; x_wconf 88' lang='lat' dir='ltr'>in</span> <span class='ocrx_word' id='word_1_375' title='bbox 1543 2419 1942 2476; x_wconf 79' lang='lat' dir='ltr'>matutiniS‚misfis</span> <span class='ocrx_word' id='word_1_376' title='bbox 1957 2420 2005 2470; x_wconf 77' lang='lat' dir='ltr'>&lt;Sc</span> <span class='ocrx_word' id='word_1_377' title='bbox 2015 2416 2218 2485; x_wconf 83' lang='lat' dir='ltr'>vesperis</span> <span class='ocrx_word' id='word_1_378' title='bbox 2232 2419 2322 2469; x_wconf 81' lang='lat' dir='ltr'>effe</span> <span class='ocrx_word' id='word_1_379' title='bbox 2335 2423 2416 2471; x_wconf 85' lang='lat' dir='ltr'>de·</span> <span class='ocrx_word' id='word_1_380' title='bbox 2451 2454 2454 2457; x_wconf 93' lang='lat'><em>-</em></span> 
     </span>
     <span class='ocr_line' id='line_1_35' title="bbox 210 2485 2417 2560; baseline -0.003 -17"><span class='ocrx_word' id='word_1_381' title='bbox 210 2495 325 2543; x_wconf 84' lang='lat' dir='ltr'>beat</span> <span class='ocrx_word' id='word_1_382' title='bbox 348 2492 395 2540; x_wconf 69' lang='grc' dir='ltr'>ὅ(</span> <span class='ocrx_word' id='word_1_383' title='bbox 417 2491 640 2560; x_wconf 84' lang='lat' dir='ltr'>quicquid</span> <span class='ocrx_word' id='word_1_384' title='bbox 664 2490 876 2555; x_wconf 81' lang='lat' dir='ltr'>prefatus</span> <span class='ocrx_word' id='word_1_385' title='bbox 895 2488 1054 2539; x_wconf 70' lang='grc' dir='ltr'>τεᾶοι·</span> <span class='ocrx_word' id='word_1_386' title='bbox 1081 2490 1351 2554; x_wconf 87' lang='lat' dir='ltr'>preceperit</span> <span class='ocrx_word' id='word_1_387' title='bbox 1381 2487 1459 2535; x_wconf 90' lang='lat' dir='ltr'>seu</span> <span class='ocrx_word' id='word_1_388' title='bbox 1485 2485 1660 2552; x_wconf 78' lang='lat' dir='ltr'>jusserit</span> <span class='ocrx_word' id='word_1_389' title='bbox 1688 2491 1746 2535; x_wconf 88' lang='lat' dir='ltr'>ad</span> <span class='ocrx_word' id='word_1_390' title='bbox 1776 2489 2064 2536; x_wconf 83' lang='lat' dir='ltr'>cantandum</span> <span class='ocrx_word' id='word_1_391' title='bbox 2087 2486 2342 2552; x_wconf 86' lang='lat' dir='ltr'>legendum</span> <span class='ocrx_word' id='word_1_392' title='bbox 2364 2489 2417 2542; x_wconf 73' lang='grc' dir='ltr'>ἀ</span> 
     </span>
     <span class='ocr_line' id='line_1_36' title="bbox 211 2555 2415 2627; baseline -0.002 -18"><span class='ocrx_word' id='word_1_393' title='bbox 211 2559 436 2627; x_wconf 72' lang='lat' dir='ltr'>quicquid</span> <span class='ocrx_word' id='word_1_394' title='bbox 458 2560 514 2606; x_wconf 88' lang='lat' dir='ltr'>ad</span> <span class='ocrx_word' id='word_1_395' title='bbox 535 2558 747 2608; x_wconf 87' lang='lat' dir='ltr'>divinum</span> <span class='ocrx_word' id='word_1_396' title='bbox 760 2557 940 2608; x_wconf 84' lang='lat' dir='ltr'>cultum</span> <span class='ocrx_word' id='word_1_397' title='bbox 954 2556 1131 2623; x_wconf 65' lang='lat' dir='ltr'>spectat</span> <span class='ocrx_word' id='word_1_398' title='bbox 1143 2557 1191 2604; x_wconf 89' lang='lat' dir='ltr'>in</span> <span class='ocrx_word' id='word_1_399' title='bbox 1205 2555 1398 2605; x_wconf 81' lang='lat' dir='ltr'>ecclesia</span> <span class='ocrx_word' id='word_1_400' title='bbox 1410 2557 1517 2621; x_wconf 84' lang='lat' dir='ltr'>sepe</span> <span class='ocrx_word' id='word_1_401' title='bbox 1529 2562 1714 2604; x_wconf 86' lang='lat' dir='ltr'>narrata</span> <span class='ocrx_word' id='word_1_402' title='bbox 1726 2555 1997 2603; x_wconf 86' lang='lat' dir='ltr'>obediendo</span> <span class='ocrx_word' id='word_1_403' title='bbox 2007 2555 2249 2605; x_wconf 82' lang='lat' dir='ltr'>saciatnec</span> <span class='ocrx_word' id='word_1_404' title='bbox 2261 2556 2415 2605; x_wconf 82' lang='lat' dir='ltr'>dimit-</span> 
     </span>
     <span class='ocr_line' id='line_1_37' title="bbox 630 2629 2413 2672; baseline -0.001 2"><span class='ocrx_word' id='word_1_405' title='bbox 630 2651 633 2653; x_wconf 87' lang='lat'><em>-</em></span> <span class='ocrx_word' id='word_1_406' title='bbox 2340 2629 2413 2672; x_wconf 86' lang='lat' dir='ltr'>tat</span> 
     </span>
     <span class='ocr_line' id='line_1_38' title="bbox 225 2711 2407 2738; baseline 0.003 -7"><span class='ocrx_word' id='word_1_407' title='bbox 225 2711 2407 2738; x_wconf 42' lang='lat' dir='ltr'>*mm</span> 
     </span>
     <span class='ocr_line' id='line_1_39' title="bbox 266 2734 1626 2806; baseline -0.004 -14"><span class='ocrx_word' id='word_1_408' title='bbox 266 2753 315 2806; x_wconf 70' lang='lat' dir='ltr'>d)</span> <span class='ocrx_word' id='word_1_409' title='bbox 348 2751 526 2796; x_wconf 64' lang='lat' dir='ltr'>hibertus,</span> <span class='ocrx_word' id='word_1_410' title='bbox 699 2801 701 2803; x_wconf 21' lang='grc' dir='ltr'>Ι</span> <span class='ocrx_word' id='word_1_411' title='bbox 1619 2734 1626 2745; x_wconf 56' lang='grc'><em>“</em></span> 
     </span>
     <span class='ocr_line' id='line_1_40' title="bbox 273 2806 735 2857; baseline 0.006 -8"><span class='ocrx_word' id='word_1_412' title='bbox 273 2811 319 2857; x_wconf 67' lang='grc' dir='ltr'>ε)</span> <span class='ocrx_word' id='word_1_413' title='bbox 351 2806 546 2847; x_wconf 76' lang='lat' dir='ltr'>Bremenfis</span> <span class='ocrx_word' id='word_1_414' title='bbox 562 2806 735 2852; x_wconf 69' lang='lat' dir='ltr'>vincesis·</span> 
     </span>
     <span class='ocr_line' id='line_1_41' title="bbox 269 2859 736 2916; baseline -0.011 -12"><span class='ocrx_word' id='word_1_415' title='bbox 269 2863 316 2916; x_wconf 72' lang='grc' dir='ltr'>Ι)</span> <span class='ocrx_word' id='word_1_416' title='bbox 342 2863 488 2915; x_wconf 78' lang='lat' dir='ltr'>sigillis.</span> <span class='ocrx_word' id='word_1_417' title='bbox 725 2859 736 2863; x_wconf 69' lang='grc'><strong><em>’</em></strong></span> 
     </span>
     <span class='ocr_line' id='line_1_42' title="bbox 274 2916 576 2970; baseline 0.01 -16"><span class='ocrx_word' id='word_1_418' title='bbox 274 2921 323 2970; x_wconf 83' lang='lat' dir='ltr'>g)</span> <span class='ocrx_word' id='word_1_419' title='bbox 353 2916 576 2964; x_wconf 68' lang='lat' dir='ltr'>parochiani.</span> 
     </span>
    </p>
   </div>
   <div class='ocr_carea' id='block_1_3' title="bbox 267 2971 574 3136">
    <p class='ocr_par' dir='ltr' id='par_1_3' title="bbox 267 2971 574 3136">
     <span class='ocr_line' id='line_1_43' title="bbox 267 2971 425 3025; baseline -0.019 -13"><span class='ocrx_word' id='word_1_420' title='bbox 267 2971 332 3025; x_wconf 65' lang='grc' dir='ltr'>ι).</span> <span class='ocrx_word' id='word_1_421' title='bbox 352 2975 425 3025; x_wconf 64' lang='lat' dir='ltr'>Qu</span> 
     </span>
     <span class='ocr_line' id='line_1_44' title="bbox 269 3028 574 3136; baseline 0.02 -15"><span class='ocrx_word' id='word_1_422' title='bbox 269 3028 318 3135; x_wconf 53' lang='lat'>³1³)</span> <span class='ocrx_word' id='word_1_423' title='bbox 340 3028 574 3136; x_wconf 52' lang='lat' dir='ltr'>&#39;iffigic‘im&#39;</span> 
     </span>
    </p>
   </div>
  </div>
 </body>
</html>
