2471 3463
165 219 232 274 98
841 203 1115 261 Uttunben‘
1132 206 1244 260 υηδ
1267 182 1623 266 &etinimicis
2062 225 2104 271 3.
2118 210 2327 260 Per10d2
2325 170 2329 173 .

167 334 245 368 cas
268 320 550 367 Lubicenses
574 321 802 368 monitori
822 319 1017 368 novello
1043 323 1090 368 in
1116 318 1233 367 festo
1258 320 1453 395 praefato
1479 321 1808 396 praesentabit,
1832 337 1961 386 quas
1991 322 2182 385 quidem
2203 322 2371 373 XXX.

165 401 346 434 marcas
371 387 496 433 idem
519 389 731 434 monitor
753 404 879 435 anno
898 387 1192 453 subsequenti
1213 386 1285 433 alii
1308 386 1536 434 monitori
1558 388 1617 434 de
1638 390 1839 470 pecunia
1857 390 2032 437 eodem
2046 397 2266 453 tempore
2279 384 2372 436 fine

166 452 258 502 ulla
281 454 602 501 retardatione
624 454 826 503 similiter
848 453 1028 502 solvere
1053 453 1259 501 debebit.

341 521 459 568 Item
486 520 514 567 si
538 522 638 583 quis
661 522 873 568 monitor
893 522 1010 569 infia
1033 521 1224 569 ofiiavas
1249 520 1521 584 Epiphaniae
1546 519 1755 569 ε]εᾶὶυε’
1744 537 1792 568 in
1817 522 1982 570 ordine
2003 522 2052 572 ὃ(
2076 522 2190 571 serie
2213 522 2375 571 secun-

167 589 284 635 dum
305 588 506 635 Vicariae
539 588 642 635 suos
667 587 1010 636 institutionem
1042 587 1346 663 personaliter
1375 587 1576 634 relidens
1611 604 1669 635 ex
1690 589 1941 636 insanitatis
1967 589 2121 638 &aliis
2152 589 2374 654 legitimis

168 654 313 703 causis
338 655 593 718 impeditus
615 652 885 718 hujusmodi
908 653 1118 702 officium
1142 654 1419 702 monitionis
1444 655 1492 703 &
1514 653 1848 703 distributionis
1872 656 1931 703 ad
1944 651 2092 704 annos
2119 658 2372 704 consuetos

170 723 372 786 dirigere
394 722 686 785 nequiverit,
719 737 779 769 ex
805 730 917 769 tunc
938 737 1086 769 unum
1109 722 1356 769 Vicarium
1381 723 1438 768 de
1460 725 1644 786 gremio
1663 723 1859 781 nostro.,
1906 739 2015 772 cum
2037 723 2266 772 consensu
2287 724 2373 771 Vi-

171 790 435 846 cariorum,
470 790 527 836 ad
548 786 824 852 hujusmodi
845 787 1052 837 officium
1077 796 1241 853 aptum
1265 804 1366 836 non
1390 788 1620 848 alienum,
1655 806 1715 838 ne
1737 790 1891 838 nostra
1915 792 2107 838 Secreta
2124 791 2296 838 exteris
2309 791 2376 838 di·
2418 802 2428 807 ‘
2454 803 2455 806 ’

148 855 426 920 vulgentur
446 857 680 904 ordinabit
702 890 717 914 ,
748 857 828 922 qui
851 856 1022 922 singula
1038 853 1176 920 juxta
1201 871 1387 905 morem
1414 855 1766 907 &laudabilem
1791 858 2180 908 consuetudinem
2205 859 2384 906 decen-⁴

151 929 242 985 ter
264 923 528 988 disponebit
595 925 620 950 *

2442 407 2471 591 47:2⁰2*ss
2447 371 2451 373 ’
2430 315 2464 346 -‘
2446 282 2449 289 ·

2447 596 2471 741 :saum-„22

342 991 462 1037 Item
484 992 804 1056 unusquisque
830 993 1136 1041 Vicariorum
1167 991 1433 1041 nostrorum
1464 994 1710 1041 nobiscum
1742 992 2050 1057 personaliter
2081 991 2391 1042 residentiam

171 1057 443 1107 facientium
464 1057 747 1108 distributori
769 1059 930 1108 nostro
954 1076 1041 1125 pro
1065 1068 1285 1125 tempore
1308 1060 1522 1109 existenti
1548 1069 1601 1108 ut
1623 1063 1671 1109 in
1702 1062 1854 1124 prima
1883 1060 2205 1108 distributione
2274 1090 2293 1097 -
2360 1090 2378 1100 -

344 1155 362 1163 -
428 1125 732 1175 vicariorum
762 1127 1030 1175 nostrorum
1056 1129 1350 1204 praesentium
1385 1136 1769 1176 convocatorum
1792 1129 1849 1174 ad
1872 1130 2120 1175 armarium
2143 1128 2286 1175 faciet
2307 1142 2380 1174 re-

171 1191 413 1240 fidentiam
438 1193 702 1242 intimando
717 1228 730 1252 ,
766 1196 842 1259 qui
867 1197 1147 1242 memoriam
1171 1195 1219 1244 ὃς
1238 1210 1384 1259 panes
1407 1211 1503 1241 uno
1526 1203 1744 1258 tempore
1765 1194 1893 1242 simul
1915 1194 1993 1243 vel
2016 1194 2296 1242 memoriam
2319 1205 2380 1242 eo

172 1261 222 1308 ὅ(
245 1275 389 1322 panes
412 1262 696 1308 vicariorum
721 1262 1031 1310 convenienti
1054 1270 1274 1327 tempore
1301 1277 1410 1309 cum
1432 1261 1662 1324 placuerit
1685 1260 1913 1325 postulet,
1947 1260 2250 1309 nihilominus
2272 1277 2383 1326 pro-

172 1327 411 1373 mittendo
436 1326 478 1372 se
500 1327 620 1374 velle
646 1328 823 1375 nostras
846 1328 1205 1375 consuetudines
1234 1329 1282 1378 ὅ(
1303 1327 1471 1375 statuta
1506 1328 1718 1375 totaliter
1741 1328 2026 1386 observare,
2066 1328 2114 1377 ὃς
2136 1343 2245 1375 cum
2269 1344 2381 1376 eum
2463 1322 2471 1327 ⁴

161 1393 382 1440 'monitio
406 1392 454 1440 ὃς
479 1393 772 1441 distributio'
762 1411 810 1442 m
835 1397 1000 1441 ordine
1028 1396 1236 1457 attigerit
1248 1394 1389 1457 juxta
1414 1396 1766 1442 ordinationem
1788 1384 1994 1441 nostram
2014 1394 2263 1458 diligenter
2287 1395 2381 1443 fine

173 1459 268 1507 ulla
289 1458 627 1507 reclamatione
649 1460 727 1509 vel
750 1459 1125 1508 contradictione
1150 1460 1315 1508 subire.
1388 1460 1704 1507 Curationem
1737 1475 1854 1509 vero
1877 1460 2036 1507 iacere
2059 1460 2325 1510 detreCians
2354 1461 2384 1508 a

173 1526 486 1592 perceptione
511 1529 848 1575 memoriarum
874 1527 925 1574 sit
947 1528 1239 1592 segregatus,
1277 1528 1434 1575 donec
1459 1542 1546 1591 per
1568 1527 1610 1574 se
1634 1526 1709 1576 vel
1727 1527 1897 1585 alium,
1929 1527 2078 1575 modo
2091 1543 2118 1585 ,·“
2130 1544 2226 1593 quo
2245 1528 2382 1593 supra

175 1595 339 1641 omnia
360 1597 667 1643 attentaverit
689 1595 737 1644 ὅ(
757 1596 982 1659 deinceps
1007 1595 1372 1644 continuaverit.
1444 1593 1665 1643 Similiter
1696 1596 1745 1643 i'n
1780 1595 2048 1643 monitione
2069 1611 2253 1661 panum
2280 1595 2382 1644 fieri

173 1660 409 1708 volumus.

346 1728 466 1774 Item
497 1727 692 1778 Vicario
725 1728 884 1776 nostro
915 1728 1028 1775 ficut
1059 1728 1304 1793 praefertur
1326 1728 1451 1775 suam
1472 1729 1769 1776 residentiam
1795 1727 2041 1776 insinuanti
2066 1728 2233 1777 nostrae
2266 1744 2383 1778 con-
2444 1752 2464 1763 x

177 1794 444 1843 suetudines
466 1794 514 1842 &
540 1793 709 1841 statuta
732 1796 808 1843 sbi
831 1796 1129 1860 praesentibus
1148 1796 1348 1844 Vicariis
1372 1795 1536 1843 nostris
1572 1797 1890 1852 convocatis,
1927 1803 1981 1842 ut
2011 1796 2055 1842 se
2080 1797 2138 1843 de
2159 1796 2380 1860 periculis

176 1862 346 1909 animae
373 1867 567 1918 cffaveat
608 1862 666 1908 de
689 1864 1001 1927 percipiendis
1029 1863 1316 1919 satisfaciat,
1353 1863 1402 1912 ὅ(
1425 1861 1805 1910 benefactoribus
1824 1862 1943 1911 vivis
1966 1862 2015 1912 &
2035 1863 2268 1913 defunffls
2280 1879 2382 1929 gra·
2434 1880 2456 1928 j

179 1935 252 1976 tes
267 1927 466 1975 salubres
481 1943 565 1992 per
577 1944 684 1975 eum
699 1931 935 1978 cantando
958 1930 1006 1979 ὃς
1018 1930 1198 1976 orando
1220 1930 1493 1993 impendat,
1525 1928 1840 1994 publicentur.

349 1996 468 2042 Item
505 1995 697 2058 quilibet
715 1998 1017 2045 Vicariorum
1048 1996 1314 2043 nostrorum
1348 1996 1547 2044 existens
1581 1998 1818 2061 particeps
1842 1997 2177 2044 memoriarum
2190 1996 2385 2061 fingulis
2448 2038 2458 2046 .,

180 2063 313 2110 annis
337 2077 447 2108 cum
472 2077 582 2108 eum
606 2064 725 2110 ordo
749 2064 959 2111 secundae
984 2064 1163 2111 Miflae
1153 2080 1198 2111 in
1222 2063 1353 2112 altari
1379 2064 1459 2110 suo
1486 2066 1543 2111 ad
1567 2062 1897 2111 celebrandum
1929 2080 2014 2128 per
2044 2066 2277 2125 integram
2305 2066 2386 2112 eb·

179 2128 435 2185 domadam
456 2130 693 2193 tetigerit,
731 2139 825 2177 tres
847 2129 1030 2178 miffas
1019 2148 1067 2177 in
1092 2133 1257 2178 eadem
1281 2132 1547 2178 ebdomada
1571 2130 1788 2196 speciales
1812 2147 1920 2178 cum
1945 2132 2031 2179 suis
2054 2130 2219 2178 officiis
2241 2145 2326 2194 per
2339 2132 2385 2178 se

179 2196 256 2244 vel
275 2211 360 2260 per
381 2196 520 2243 alium
541 2196 700 2260 legere
721 2205 925 2245 tenetur.
994 2200 1185 2243 Primam
1206 2198 1319 2245 feria
1344 2199 1546 2245 secunda
1571 2214 1657 2262 pro
1683 2197 1913 2246 defunffis
1938 2199 1968 2246 fi
1990 2196 2160 2246 festum
2186 2212 2287 2244 non
2301 2213 2385 2245 im

178 2264 377 2325 pediat‚
421 2271 536 2310 tunc
560 2263 722 2313 saltem
745 2263 1052 2329 suffragium3
1098 2265 1329 2311 Secundam
1354 2266 1467 2313 feria
1488 2266 1625 2312 tertia
1647 2266 1706 2311 de
1731 2264 1970 2327 Apostolis
1993 2264 2071 2316 vel
2090 2263 2386 2329 suffragium3

185 2331 373 2375 Tertiam
395 2330 605 2394 Sabbatis
628 2331 790 2379 diebus
814 2333 874 2379 de
897 2333 1090 2379 domina
1116 2330 1309 2389 nostra,
1343 2331 1420 2380 vel
1444 2330 1727 2395 suffragium.

884 2431 950 2472 De
972 2426 1168 2472 Candelis
1192 2424 1241 2470 Εἴ
1269 2425 1408 2470 Cereis
1432 2423 1481 2470 εἴ
1496 2423 1691 2486 panibus.

362 2504 415 2550 In
435 2504 630 2551 nomine
654 2506 849 2556 Domini
876 2514 1051 2559 Amen.
1123 2510 1302 2558 Vicarii
1326 2509 1468 2558 nostri
1493 2511 1624 2575 supra
1648 2508 1899 2556 memorati
1920 2509 2052 2556 annis
2075 2510 2232 2560 multis
2256 2512 2386 2577 ὡρε-

180 2571 377 2619 rioribus
399 2571 756 2620 sollicitudinem
778 2591 875 2622 non
893 2580 1132 2626 modicam
1146 2579 1204 2624 de
1229 2576 1530 2624 candelarum
1573 2590 1816 2624 cerearum
1838 2577 1887 2623 in
1907 2575 2026 2622 festo
2049 2570 2387 2638 purificationis
2452 2583 2458 2588 ’

179 2640 338 2687 Mariae
359 2637 599 2685 oblatione
622 2639 671 2688 ὅ(
694 2656 869 2704 panum
892 2653 1235 2710 perpetuorum
1256 2644 1493 2691 ebdomali
1516 2642 1839 2691 distributione
1859 2642 2114 2689 habebant.

353 2719 472 2766 Sunt
494 2733 610 2783 ergo
639 2718 668 2765 fi
698 2724 815 2770 certi
839 2726 1044 2773 redditus
1081 2727 1139 2772 ad
1165 2723 1381 2773 candelas
1406 2726 1724 2802 procurandas
1756 2726 1804 2772 in
1829 2706 1946 2770 festo
1971 2721 2170 2786 praefato
2192 2723 2387 2773 benedi-

184 2787 386 2842 cendas,
426 2786 474 2835 ὅ(
496 2784 764 2836 benedi&as
788 2804 872 2853 per
897 2801 1088 2840 cantum
1111 2793 1229 2839 hora
1243 2789 1551 2856 processionis
1577 2788 1790 2852 eiusdem
1809 2788 1910 2837 festi
1935 2789 2214 2838 deferendas
2241 2790 2386 2856 aper-

183 2855 339 2916 petuis
365 2853 565 2900 Vicariis
586 2851 789 2903 ecclefiae
816 2856 895 2903 Sti.
909 2857 1035 2906 Petri
1059 2858 1280 2908 statutum
1309 2859 1443 2922 super
1467 2860 1564 2906 hoc
1590 2847 1874 2906 solventibus
1908 2853 2259 2923 distribuendas.
2309 2859 2387 2908 Et

184 2934 276 2983 que
297 2920 475 2983 praefati
493 2919 701 2968 redditus
728 2923 862 2987 super
897 2923 1122 2973 alietatum
1145 2924 1447 2973 candelarum
1479 2925 1911 2989 procurationem,
1948 2917 2382 2988 comparationem,

185 2993 328 3048 atque
354 3001 529 3059 panum
552 2986 924 3037 distributionem
951 3007 1038 3055 pro
1061 2995 1289 3040 omnibus
1305 2994 1441 3039 nobis
1461 3006 1759 3056 nequaquam
1785 2987 1992 3038 sufficere
2004 2990 2302 3045 videbantur.
2317 2991 2385 3039 Ut

187 3067 303 3118 ergo
322 3049 598 3117 hujusmodi
628 3071 803 3116 panum
828 3056 1086 3107 distributio
1111 3058 1160 3112 ὥς
1182 3059 1481 3113 candelarum
1511 3057 1688 3162 oblatio
1709 3056 1927 3114 solemnis
1961 3067 2193 3125 perpetua
2219 3056 2385 3106 stabili-·-

666 3137 687 3187 ἦ
707 3148 774 3188 pro
786 3135 969 3189 disponet,
2291 3131 2391 3177 tate
